2662 4814
95 339 122 434 l:
135 332 161 432 ἓξ
175 335 224 438 3321
273 353 425 421 LIBER
450 354 554 420 xxi.
584 353 945 421 CAP.x11.xl11.
1101 381 1148 452 29

67 475 162 545 urbe
179 499 265 544 curn
282 472 430 570 singulis
443 474 668 544 vestimentis
681 471 733 542 ibi
747 471 971 561 habitarent,
986 473 1051 544 ubi
1069 481 1147 546 Poe·

68 611 140 656 nus
159 586 332 680 jussisset.
358 589 428 653 Has
447 585 546 680 pacis
567 584 665 680 leges
686 581 872 654 abnuente
888 583 1024 655 Alcone
1045 610 1147 657 acce·
1206 666 1211 680 Ι

68 711 200 793 pturos
222 696 476 792 Saguntinost,
495 695 665 782 Alorcus,
689 695 786 764 vinci
810 696 971 783 animos,
994 695 1059 766 ubi
1080 698 1148 768 alia

68 808 277 895 vincantur,
297 804 498 892 affirmans,
519 829 557 876 se
583 807 680 902 pacis
705 806 782 900 ejus
805 806 1042 903 interpretem
1067 804 1145 880 fore

65 917 274 1014 pollicetur.
287 921 371 987 Erat
385 931 507 987 autem
520 930 599 986 tum
612 916 717 986 miles
732 915 958 1004 Hannibalis;
974 931 1144 988 caeterum

66 1025 216 1123 publice
236 1027 442 1123 Saguntinis
462 1027 600 1096 amicus
620 1040 730 1122 atque
751 1024 896 1124 hospes.
911 1026 1058 1099 Tradito
1079 1054 1144 1127 pa·

68 1135 140 1206 lam
151 1130 230 1207 telo*
238 1135 451 1207 custodibus
460 1135 638 1223 hostium,
650 1139 1147 1232 transgressusmunimenta,

66 1244 113 1314 ad
130 1261 326 1344 praetorem
343 1248 577 1344 saguntinam
593 1246 648 1341 (et
666 1249 743 1344 ipse
762 1247 812 1317 ita
826 1245 1000 1342 jubebat)
1017 1264 1071 1320 est
1085 1250 1146 1322 de·

67 1357 212 1427 ductus.
227 1361 311 1447 Quo
325 1382 439 1452 quum
455 1357 639 1453 extemplo
655 1381 854 1427 concursus
869 1361 989 1431 omnis
1002 1363 1145 1457 generis

67 1469 263 1540 hominum
286 1482 378 1537 esset
399 1466 533 1554 factus,
556 1468 724 1538 submota
743 1483 871 1539 caetera
890 1471 1145 1561 multitudine,

67 1593 217 1650 senatus
233 1578 363 1648 Alorco
382 1575 488 1647 datus
508 1574 605 1663 est⁵;
627 1578 731 1671 cujus
749 1580 830 1650 talis
849 1583 965 1652 oratio
984 1580 1064 1653 fuit.

114 1694 215 1760 XIII.
237 1718 254 1753 «
268 1688 349 1756 Si
320 1688 407 1757 civis
422 1701 540 1758 vester
549 1688 680 1775 Alcon
698 1689 790 1758 sicut
809 1691 854 1759 ad
871 1715 999 1787 pacem
1013 1707 1144 1811 petep-

66 1799 180 1870 «dam
201 1797 248 1868 ad
265 1796 507 1867 Hannibalem
522 1799 642 1885 venit,
662 1799 712 1867 ita
730 1801 828 1896 pacis
847 1800 1076 1874 conditiones
1097 1775 1143 1874 ab

66 1941 83 1975 «
98 1905 304 1979 Hannibale
317 1908 361 1977 ad
371 1932 436 1977 vos
445 1907 626 1978 retulisset
633 1932 964 2004 ,supervacaneum
975 1911 1046 1982 hoc
1055 1913 1145 1983 mthl

64 2050 82 2085 «
95 2019 226 2090 fuisset
247 2019 330 2106 iter,
355 2042 430 2113 quo
451 2041 520 2087 nec
538 2031 661 2087 orator
680 2017 909 2107 Hannibalis,
935 2046 1003 2091 nec
1027 2036 1144 2094 trans·

64 2163 82 2197 «
98 2129 206 2227 fuga1
224 2129 270 2199 ad
290 2154 353 2200 vos
374 2129 564 2199 venissem.
591 2131 715 2217 Quum
736 2128 814 2216 ille,
838 2145 900 2200 aut
918 2146 1056 2218 vestra,
1080 2149 1143 2203 aut

63 2273 80 2306 «
95 2266 164 2311 sua
181 2240 308 2339 culpa,
327 2241 499 2310 manserit
519 2240 617 2336 apud
639 2238 782 2309 hostem
805 2239 854 2336 (si
872 2256 1011 2312 metum
1031 2245 1142 2313 simu-

61 2353 202 2437 «lavit,
225 2376 308 2438 sua;
329 2365 466 2436 vestra,
489 2350 518 2420 si
542 2350 747 2446 periculum
773 2365 826 2421 est
849 2352 949 2448 apud
971 2377 1035 2424 vos
1058 2379 1143 2424 vera

61 2461 382 2557 acclamatibus),
405 2486 491 2558 ego,
514 2484 562 2530 ne
585 2460 817 2557 ignoraretis,
844 2486 920 2532 esse
945 2461 1083 2558 aliquas
1106 2477 1142 2533 et

60 2605 80 2639 «
94 2574 223 2644 salutis
237 2588 273 2643 et
288 2573 384 2669 pacis
397 2569 501 2641 vobis
516 2570 762 2660 conditiones,
779 2596 848 2669 pro
862 2587 1006 2643 vetusto
1021 2572 1143 2672 hospi-

62 2717 81 2750 «
96 2686 170 2770 tio,
192 2682 292 2780 quod
315 2682 405 2751 mihi
429 2681 621 2752 vobiscum
646 2695 718 2765 est,
744 2680 790 2750 ad
811 2707 877 2753 vos
899 2684 993 2753 veni.
1014 2687 1145 2755 Vestra

63 2826 81 2860 «
97 2807 224 2864 autem
242 2816 349 2862 causa
364 2816 440 2879 me,
461 2817 529 2863 nec
546 2791 656 2861 ullius
671 2791 835 2880 alterius,
853 2792 973 2889 loqui,
989 2819 1070 2890 quae
1086 2794 1143 2865 lo·

64 2935 82 2970 «
97 2927 197 3001 quor
215 2902 313 3000 apud
328 2927 408 2990 vos,
423 2901 479 2971 vel
500 2926 541 2972 ea
560 2899 652 2970 fides
672 2902 717 2970 sit
730 2911 755 2987 ²,
774 2901 894 2998 quod,
913 2928 1034 2999 neque
1054 2904 1144 2974 dum

65 3013 226 3084 «vestris
243 3010 381 3083 viribus
398 3011 598 3098 restitistis,
615 3034 736 3104 neque
756 3008 844 3080 dum
863 3013 994 3083 auxilia
1012 3013 1057 3083 ab
1075 3021 1144 3085 Ro-

64 3155 81 3189 «
95 3125 213 3194 manis
226 3125 413 3220 sperastis,
428 3122 526 3220 pacis
541 3145 707 3217 unquam
722 3119 821 3218 apud
836 3147 900 3192 vos
915 3125 1143 3195 mentionem

65 3265 83 3300 a
98 3233 180 3305 feci.
198 3237 395 3329 Postquam
415 3257 483 3303 nec
503 3231 548 3302 ab
566 3232 739 3302 Romanis
753 3229 857 3302 vobis
877 3232 951 3302 ulla
970 3256 1051 3328 spes
1070 3248 1142 3322 est,

64 3421 188 3469 egressus,
203 3403 283 3451 redire
294 3414 364 3461 tuto,
377 3419 457 3466 neque
465 3403 509 3450 has
522 3418 583 3450 con·
663 3404 724 3451 Car.
736 3405 810 3453 x111.
828 3419 849 3450 1.
861 3404 913 3450 Nec
923 3414 1021 3459 orator,
1035 3403 1142 3467 legatus,

65 3485 175 3532 ‹litlones
203 3485 267 3531 ferre
294 3483 391 3530 clvibus
413 3484 463 3530 suis
486 3484 583 3547 possit3
627 3482 788 3538 Hannibalis,
807 3497 851 3527 nec
865 3479 993 3545 transfhga
1006 3498 1016 3528 :
1029 3485 1144 3532 namaub

69 3566 190 3610 bassetus.
626 3559 700 3623 legati
707 3561 852 3607 auctoritate
862 3560 956 3606 vennae
968 3559 1078 3620 videtur,
1086 3565 1143 3626 quia

101 3639 580 3698 4.Vittciam'mos,ubialiavincantur,
627 3639 650 3685 ei
665 3650 763 3685 senatus
779 3649 816 3684 est
832 3637 923 3692 datum
944 3648 968 3685 et
989 3654 1048 3686 mox
1066 3642 1141 3697 dicit,

64 3731 166 3779 caetera,
190 3736 245 3784 quae
265 3720 362 3765 hostem
383 3730 468 3766 contra
485 3720 582 3766 hostem
622 3733 712 3781 pacem
722 3717 811 3762 advos
824 3714 917 3779 affino,
932 3727 978 3763 etc.
994 3720 1069 3768 Doer.

63 3803 190 3858 muniant,
201 3799 349 3862 inpr.muri3
362 3800 435 3845 Doer.
445 3798 497 3844 alia
506 3799 582 3856 muri,
663 3812 687 3843 2.
699 3797 744 3842 Vel
753 3811 784 3841 ea
787 3794 855 3862 fides
864 3794 910 3850 sit,
922 3796 974 3855 jam
984 3796 1011 3844 id
1022 3796 1097 3846 Iidem
1106 3800 1142 3846 fa·

63 3881 233 3936 munimenta,
248 3893 328 3934 arces,
339 3878 440 3938 Doujat.
452 3888 476 3924 et
491 3876 582 3940 Cuper.
628 3876 687 3934 ciat,
696 3875 792 3939 pmbet.
801 3873 917 3920 Similiter
923 3875 961 3920 ad
957 3875 1039 3943 fidem
1046 3894 1126 3924 rerum
1132 3900 1144 3935 ‚-

64 3975 137 4005 arma
151 3959 217 4018 conj.
233 3958 311 4004 Gron.
625 3967 654 4003 ut
683 3971 723 4002 eas
747 3953 881 4017 probaret,
907 3955 1018 4014 XXIII,
1048 3973 1077 4004 ια
1101 3975 1140 4022 pr.

102 4038 126 4086 5.
139 4040 243 4084 Senatus
258 4036 350 4082 Alorco
367 4035 439 4083 datm
453 4047 504 4091 est;
525 4034 581 4082 vide
626 4035 779 4090 XXXVIII,
795 4033 825 4078 51
839 4049 894 4096 pra,
908 4044 932 4079 ct
942 4032 968 4079 in
972 4033 1052 4100 fidem
1066 4037 1091 4082 ita
1105 4036 1144 4083 si-

64 4115 97 4164 ad
107 4117 182 4176 VIII,
202 4117 233 4174 5,
251 4131 276 4163 n.
295 4130 316 4162 1.
627 4112 684 4160 cilia
698 4122 911 4176 gestarumrermn
927 4112 1101 4170 secundarum,
1117 4115 1144 4161 in
