2632 4808
77 315 196 425 tia}
228 338 324 405 nra.
352 341 456 406 xxi.
484 342 592 408 car.
619 341 744 407 xxti.
773 343 921 408 xxiii.
1062 342 1107 426 45

54 483 161 530 remes
188 472 306 544 erant,
327 473 363 528 et
383 459 545 529 triremes
563 461 738 555 quinque.
764 457 819 528 Ab
844 459 1008 531 Gadibus
1026 466 1111 533 Car·

54 571 231 666 thaginem
257 567 302 638 ad
330 566 482 639 hiberna
508 572 687 640 exercitus
711 568 846 658 rediit,
868 585 977 666 atque
1001 572 1112 658 inde,

55 677 234 776 profectus
254 694 383 776 praeter
398 676 621 750 Etovissam⁵
639 678 789 766 urbem,
808 680 852 750 ad
870 679 1017 750 Iberum
1035 706 1113 751 ma-

55 789 278 885 ritimamque
292 814 393 860 oram
413 789 522 860 ducit.
544 788 620 875 lbi,
640 789 733 859 fama
755 787 846 875 est⁶‚
861 792 900 860 in
917 791 1039 887 quiete
1058 794 1112 861 vi-

53 923 127 970 sum
145 899 194 969 ab
212 924 257 971 eo
268 900 439 995 juvenem
460 899 580 970 divina
598 901 738 996 specie,
758 900 873 996 quise
893 900 940 969 ab
961 904 1048 970 Jove
1062 899 1114 970 di-

53 1024 146 1081 ceret
164 1010 295 1080 ducem
317 1017 353 1080 in
381 1008 530 1082 Italiam
549 1008 754 1080 Hannibali
769 1016 913 1080 missum
932 1011 1113 1107 :proinde

52 1135 269 1217 sequeretur,
288 1145 405 1216 neque
423 1144 577 1217 usquam
593 1145 617 1188 a
630 1144 668 1191 se
688 1119 1033 1214 dqiecteretocalos.
1051 1125 1114 1190 Pa·

52 1230 173 1301 vidum
192 1232 330 1327 primo,
351 1254 531 1324 nusquam
549 1231 899 1328 circumspicientem
920 1244 983 1300 aut
1001 1231 1115 1326 respi-

53 1342 226 1428 cientem,
249 1353 469 1435 sequutum3
493 1339 644 1428 deinde,
664 1364 750 1411 cura
768 1339 917 1411 humani
939 1342 1076 1439 ingenii
1088 1352 1115 1428 ⁷,

52 1475 185 1547 quum,
204 1449 379 1545 quidnam
397 1447 436 1519 id
454 1463 567 1536 esset,
587 1450 689 1545 quod
707 1451 886 1548 respicere
907 1452 1040 1523 vetitus
1061 1476 1115 1522 es·

10 1562 12 1605 ;
53 1574 123 1644 set,
149 1560 300 1656 agitaret
323 1559 466 1646 animo,
494 1574 694 1655 temperare
716 1557 857 1631 oculis8
885 1562 1114 1657 nequivisse,

53 1685 126 1740 mm
146 1669 299 1757 vidisse,
322 1683 404 1766 post
427 1693 503 1738 sese
524 1685 730 1766 serpentem
753 1672 842 1741 mira
866 1671 1116 1768 magnitudine

10 1780 12 1803 “
55 1803 133 1850 cum
152 1780 292 1876 ingenti
310 1777 484 1850 arborum
506 1803 547 1850 ac
562 1781 802 1878 virgultorum
821 1796 936 1878 strage
954 1779 1060 1868 ferri,
1077 1806 1118 1853 ac

55 1902 132 1986 post
155 1889 299 1985 insequi
323 1913 407 1959 cum
432 1886 573 1985 fragore
599 1890 675 1961 caeli
699 1890 889 1961 nimbum:
911 1906 1009 1978 tum,
1033 1916 1118 1989 quoe
1181 1968 1185 1975 ,

57 1999 163 2070 moles
182 2025 244 2085 ea,
261 2000 390 2096 quidve
399 1999 565 2097 prodigii
586 2017 686 2086 esset,
706 2015 931 2097 quaerentem
953 2001 1115 2072 audisse:

63 2114 267 2179 Vastitatem
284 2109 406 2179 Italiae
424 2133 525 2194 esse,
539 2126 707 2205 pergeret
719 2134 834 2206 porro
857 2116 926 2196 ire,
947 2135 1012 2180 nec
1026 2110 1117 2181 ultra

60 2224 262 2316 inquireret,
283 2219 583 2316 sineretquefata
601 2225 638 2288 in
657 2218 797 2290 occulto
818 2244 905 2290 esse.

100 2334 230 2400 XXIII.
247 2335 324 2399 Hoc
337 2330 415 2400 visu
435 2331 536 2400 laetus
554 2330 736 2426 tripartito
750 2329 896 2400 Iberum
915 2333 1036 2427 copias
1050 2344 1121 2399 tra-

59 2441 155 2535 jecit,
180 2441 392 2538 praemissis,
416 2442 480 2536 qui
501 2439 688 2511 Gallorum
712 2442 873 2528 animos,
899 2465 972 2537 qna
994 2440 1117 2511 tradu-

62 2550 188 2621 cendus
208 2551 387 2622 exercitus
402 2565 496 2637 erat,
511 2549 617 2620 donis
634 2551 885 2639 conciliarent,
900 2552 1119 2648 Alpiumque

61 2661 226 2729 transitus
247 2660 530 2757 specularentur.
560 2661 765 2758 Nonaginta
792 2660 905 2732 millia
929 2660 1119 2758 peditum,

61 2769 245 2841 duodecim
259 2769 370 2840 millia
387 2770 551 2865 equitum
566 2769 714 2841 Iberum
731 2772 889 2843 traduxit
904 2783 928 2841 ¹.
949 2771 1120 2870 Ilergetes

63 2990 108 3036 loeo
125 2988 193 3036 land.
218 2989 253 3038 ait
276 2987 433 3058 πληρώματα
458 2990 565 3054 ἔχουσαι.
612 2983 854 3043 122433d8‘11·1fls
871 2984 1120 3049 15³3·²19st²22q¹¹i

63 3069 173 3116 Cretatam
187 3082 291 3115 numero
303 3068 425 3115 naviuma
436 3067 506 3114 Livio
516 3082 567 3113 non
611 3060 675 3109 banc
687 3062 825 3127 similesque
838 3063 930 3111 fabulas
942 3063 1019 3122 ridet,
1034 3062 1121 3128 Polyb.

63 3145 184 3210 discrepat.
195 3147 242 3192 En.
612 3142 662 3199 111,
679 3143 721 3198 48.

91 3225 113 3271 5.
124 3225 379 3283 ermerttovtssam,
395 3215 526 3279 ltro'ssneas
540 3226 567 3272 in
648 3235 671 3278 7.
690 3219 755 3266 Cura
770 3218 872 3268 humani
890 3220 982 3285 ingenii
987 3239 996 3276 ;
1015 3235 1062 3284 pro
1080 3235 1123 3278 ea,

63 3303 169 3351 Edetania
176 3305 245 3368 apud
256 3304 320 3353 Ptol.
328 3332 362 3341 —
372 3303 460 3360 Ducit,·
471 3303 522 3350 vid.
536 3303 567 3350 sd
611 3314 659 3361 qua
672 3298 730 3345 duci
741 3298 821 3346 solent
836 3298 963 3357 homines,
982 3315 1020 3347 res
1036 3299 1123 3346 vetitas

64 3383 132 3441 1,23‚
142 3389 168 3437 t.
179 3385 263 3446 Atque
269 3382 325 3429 inde
330 3381 467 3448 profectas,
478 3393 568 3445 prater
612 3373 623 3439 (
629 3392 706 3424 novas
722 3393 835 3440 quoque,
852 3378 963 3425 insolitas
977 3388 1002 3425 et
1014 3376 1124 3442 ignotas)

64 3461 190 3509 Eterissam
213 3462 296 3508 urbem
316 3461 353 3509 ad
365 3463 462 3509 Iberum
474 3460 568 3508 mariti·
612 3454 706 3502 sciendi
714 3455 863 3519 eupiditate3
875 3458 1053 3502 Doce—Pto
1063 3472 1124 3502 cara

65 3556 97 3586 na
110 3557 155 3586 ora
170 3539 254 3596 dacia·
266 3541 332 3600 conj.
348 3542 400 3589 Jac.
418 3540 496 3587 Gron.
512 3539 569 3602 quia
613 3534 754 3581 Perizonius
765 3534 872 3594 conjecit
881 3551 963 3580 more:
973 3534 1033 3582 alius
1042 3535 1123 3581 forsan

65 3617 205 3665 mamam
214 3634 299 3666 omnes
309 3635 379 3684 paene
391 3619 454 3667 MSS
464 3618 516 3665 siue
530 3634 571 3665 co·
614 3615 681 3661 malit
689 3601 758 3660 nura
771 3629 816 3676 per
829 3612 1002 3676 compendium
1015 3628 1062 3676 pro
1077 3630 1123 3660 na·

64 3697 113 3760 pala
131 3713 177 3760 que
197 3696 323 3745 exhibent.
339 3698 489 3754 Etovissam,
510 3712 568 3743 vero
613 3705 681 3749 tara,
694 3691 961 3756 quodnecSpaldingIO
970 3691 1123 3756 displicebat.

65 3791 107 3822 non
124 3775 282 3835 maritimam,
304 3775 347 3823 sed
369 3758 577 3824 mediterraneam
614 3775 659 3820 En.
673 3798 708 3808 ·-
723 3770 796 3832 Quod
809 3770 926 3833 respicere
943 3769 1033 3817 νοείτω
1048 3782 1121 3826 esset,

65 3855 140 3902 urbem
152 3871 220 3913 esse,
234 3867 318 3902 monet
333 3855 408 3903 Drak.
615 3851 645 3898 de
656 3866 704 3913 qua
716 3848 901 3913 superstitione;
911 3864 934 3895 v.
947 3848 989 3896 stt.
1000 3851 1051 3907 111,
1066 3849 1123 3896 181.

95 3935 118 3980 6,
131 3933 170 3980 Ibi
171 3930 250 3997 fama
260 3945 310 3990 est,
322 3933 347 3980 in
356 3933 436 3997 quiete
445 3933 526 3979 visam
537 3933 569 3979 ab
649 3931 675 3977 8.
693 3929 835 3990 Temperare
844 3925 935 3982 οειιὶἰε,ο
945 3927 976 3974 cf.
988 3925 1020 3973 atl
1031 3926 1070 3985 ΙΙ,
1081 3928 1123 3983 23,

67 4026 90 4057 eo
95 4010 204 4074 juvenem
214 4012 299 4060 diriaa
312 4010 402 4075 specie,
417 4023 464 4058 etc.
479 4010 569 4059 Confer
613 4025 638 4054 n.
652 4009 675 4055 8.
688 4033 723 4042 -
732 4005 801 4052 Ferri
804 4024 814 4061 ;
829 4005 885 4051 vide
894 4004 926 4052 ad
935 4006 983 4061 vt,
999 4007 1046 4064 3ο,
1058 4021 1083 4051 n.
1097 4021 1122 4053 a.

68 4089 115 4136 Vel.
127 4091 194 4137 Max.
211 4092 237 4150 1,
254 4106 267 4149 7
281 4101 344 4138 extr.
362 4106 383 4149 13
398 4089 448 4141 Cic.
463 4089 494 4136 de
511 4090 567 4136 Div.
649 4087 709 4134 Car.
729 4086 825 4132 xant.
844 4100 866 4132 r.
888 4083 1030 4147 Nonaginta
1046 4083 1123 4132 millia
