2662 4814
212 360 257 431 32
643 365 681 429 r.
716 364 856 433 Livii
1135 347 1257 459 ὲὲῖὲἐὲῑ

208 497 366 571 constat,
379 497 414 554 et
426 483 579 553 multam
591 485 788 580 pretiosam
802 482 1059 582 supellectilem
1070 503 1294 588 vestemque-

210 600 355 668 missam
377 594 643 691 Carthaginem.
668 601 804 666 Octavo
825 621 969 683 mense,
992 624 1103 696 quam
1125 617 1283 699 coeptum

210 705 438 805 oppugnari,
462 718 608 801 captum
634 710 854 802 Saguntum,
879 707 1026 803 quidam
1056 712 1280 809 scripsere²:

162 837 166 845 '
209 821 295 892 inde
305 818 559 915 Carthaginem
570 821 711 889 Novam
726 821 763 888 in
779 818 931 890 hiberna
946 820 1187 893 Hannibalem
1202 848 1283 894 con·

209 931 379 1003 cessisse:
402 931 534 1025 quinto
553 928 685 1000 deinde
710 953 851 1016 mense,
871 955 981 1027 quam
1002 931 1046 1001 ab
1067 933 1283 1030 Carthagine

207 1040 393 1140 profectus
415 1041 477 1127 sit,
496 1042 533 1109 in
553 1040 693 1110 Italiam
713 1041 932 1136 pervenisse.
957 1046 1047 1133 Quae
1068 1044 1097 1113 si
1114 1044 1164 1114 ita
1181 1058 1282 1133 sunt,

207 1152 287 1225 fieri
299 1177 374 1222 non
389 1152 526 1249 potuit,
547 1163 588 1220 ut
601 1155 637 1220 P.
651 1149 860 1237 Cornelius,
875 1151 926 1219 Ti.
940 1154 1179 1248 Sempronius
1193 1178 1283 1224 eon-

210 1263 306 1337 sules
325 1261 480 1349 fuerint,
501 1260 546 1337 ad
564 1286 657 1357 quos
678 1275 715 1331 et
732 1261 912 1358 principio
930 1265 1214 1359 oppugnationis
1232 1265 1284 1336 le-

208 1375 281 1472 gati
296 1373 478 1471 saguntini
491 1373 589 1441 missi
604 1375 692 1461 sint,
715 1373 827 1471 etqui
842 1374 880 1441 in
896 1398 962 1444 suo
975 1376 1184 1471 magistratu
1198 1400 1283 1447 cum

207 1483 429 1569 Hannibale,
448 1483 537 1553 alter
553 1483 598 1552 ad
612 1485 780 1553 Ticinum
795 1508 955 1567 amnem,
972 1485 1079 1556 ambo
1094 1487 1283 1584 aliquanto

207 1610 291 1694 post
313 1596 358 1665 ad
375 1594 562 1682 Trebiam,
583 1595 835 1692 pugnaverint.
861 1599 932 1665 Aut
952 1594 1099 1666 omnia³
1114 1597 1285 1668 breviora

207 1706 396 1801 aliquanto
419 1702 538 1789 fuere,
563 1717 624 1773 aut
648 1708 849 1801 Saguntum
874 1705 1053 1803 principio
1077 1709 1183 1795 anni,
1206 1733 1284 1804 quo

208 1822 246 1887 Ρ.
266 1815 476 1903 Cornelius,
495 1817 548 1885 Ti.
567 1816 805 1911 Sempronius
827 1816 993 1886 consules
1014 1815 1181 1905 fuerunt,
1205 1844 1285 1890 non

207 1940 370 2024 coeptum
392 1927 597 2022 oppugnari
618 1938 690 2010 est,
712 1925 775 1995 sed
794 1940 962 2023 captum:
984 1953 1067 1998 nam
1088 1931 1284 2001 excessisse

206 2061 329 2135 pugna
348 2037 393 2106 ad
411 2035 603 2106 Trebiam‘*
622 2037 661 2104 in
683 2060 820 2105 annum
841 2041 907 2107 Cn.
922 2039 1062 2107 Servilii
1083 2052 1119 2108 et
1142 2042 1182 2109 C.
1203 2040 1285 2110 Fla-

205 2148 308 2217 minii
321 2172 397 2216 non
410 2160 546 2242 potest,
561 2147 646 2241 quia
661 2144 1037 2220 Flaminius⁵Arimini
1050 2150 1285 2221 consulatum

204 2259 305 2345 iniit,
320 2271 460 2327 creatus
475 2256 520 2326 ab
535 2258 588 2325 Ti.
605 2257 820 2351 Sempronio
836 2258 1003 2347 consule3
1019 2261 1101 2354 qui,
1117 2276 1200 2356 post
1215 2287 1284 2360 pu-

204 2391 312 2465 gnam
325 2366 370 2435 ad
380 2364 562 2452 Trebiam,
578 2363 622 2433 ad
634 2364 809 2434 creandos
822 2366 991 2438 consules
1002 2373 1153 2439 Romam
1165 2397 1284 2468 quum

205 2478 383 2563 venisset,
406 2475 561 2544 comitiis
584 2472 753 2570 perfectis
779 2473 825 2544 ad
844 2478 1042 2548 exercitum
1065 2481 1104 2549 in
1126 2479 1285 2554 hiberna

205 2586 323 2658 rediit.

205 2780 261 2828 vide
270 2780 302 2827 ad
315 2782 353 2837 II,
369 2779 416 2841 39,
429 2790 482 2826 not.
498 2793 520 2825 1.
534 2804 569 2813 —-
583 2778 719 2825 Pretiosum
763 2781 852 2837 XXII,
871 2797 898 2841 1;
910 2783 1012 2841 XXVI,
1031 2799 1057 2842 ις
1069 2786 1186 2845 XXVII,
1201 2801 1227 2846 7.
1240 2791 1284 2836 ln-

199 2861 277 2924 junge
289 2860 362 2907 etiam
374 2874 430 2905 cum
445 2868 545 2904 vestem.
763 2859 798 2905 fra
814 2870 895 2908 autem
908 2876 962 2925 cap.
976 2879 1021 2921 ar,
1036 2865 1199 2912 Hannibalem
1211 2867 1285 2917 vide-

240 2955 266 2986 2.
282 2940 373 2985 Octavo
390 2947 612 3000 mense...captum
625 2937 719 3000 Sagun·
765 2954 820 2985 mus
841 2940 922 3003 primo
942 2957 998 2988 vere
1018 2943 1154 3006 profectum
1174 2962 1228 2993 esse
1250 2964 1285 2995 ex

204 3017 386 3081 tum...quinto
397 3016 484 3063 deinde
495 3032 574 3063 mense
581 3049 587 3062 .
594 3051 599 3063 .
607 3050 613 3062 .
620 3016 721 3079 quidam
765 3018 897 3081 Hispania,
907 3030 1038 3082 postquam
1045 3032 1125 3069 totum
1134 3023 1223 3072 hiemis
1230 3042 1286 3091 spa·

204 3099 335 3162 scripsere,
349 3097 413 3147 inter
427 3096 474 3142 bos
485 3096 574 3160 Polyb.
588 3098 638 3153 111,
656 3112 684 3156 17
697 3107 722 3143 et
766 3096 826 3142 tium
841 3097 951 3160 parando
968 3109 992 3145 et
1007 3102 1140 3148 recreando
1160 3106 1285 3154 exercitui

205 3179 252 3236 56,
266 3193 339 3241 quem
351 3175 439 3221 ducem
456 3176 503 3222 nisi
518 3175 663 3222 deseruisset
681 3177 720 3222 Li·
767 3173 881 3223 dedisset.
893 3177 965 3223 Unde
976 3176 1181 3236 lit,utHannibal
1191 3184 1284 3233 eodem

203 3258 330 3315 vius,non
338 3270 365 3303 ea
375 3253 527 3312 tradidisset,
537 3270 591 3317 quae
600 3255 653 3317 ipse
660 3270 719 3301 mox
763 3253 813 3300 fere
830 3266 940 3319 tempore
953 3257 1100 3322 Carthagine
1111 3261 1183 3309 Nova
1194 3279 1283 3312 move·

202 3336 348 3384 indubium
370 3345 457 3392 vocat,
475 3344 499 3381 et
519 3349 623 3396 quorum
638 3334 718 3381 nodos
763 3333 807 3389 rit,
824 3350 873 3396 quo
888 3336 945 3381 novi
961 3353 1022 3384 coss.
1040 3339 1207 3402 magistratum
1218 3343 1284 3392 inie-

204 3417 298 3463 ratlone
309 3431 395 3479 parum
407 3412 530 3477 probabili
542 3413 637 3460 solvere
647 3429 719 3460 cona·
762 3422 832 3470 runt3
850 3414 983 3476 Saguntum
996 3426 1076 3463 autem
1090 3431 1188 3483 captum
1205 3422 1283 3472 fuerit

203 3506 257 3554 tur3
272 3495 328 3542 vide
337 3495 369 3542 ad
386 3493 482 3558 capii,
496 3508 521 3538 n.
534 3493 557 3538 3.
762 3490 808 3538 sub
830 3491 904 3539 linem
923 3496 981 3543 anni
1002 3497 1172 3559 praecedentis.
1195 3503 1282 3565 Atque

241 3576 264 3621 3.
272 3574 360 3621 Omnia
368 3573 489 3627 breviora,
498 3570 653 3618 brevioribus
660 3581 718 3617 tem·
761 3569 813 3616 haec
823 3571 855 3618 ita
865 3572 939 3620 babet
951 3572 1077 3638 Polybius.
1088 3579 1133 3623 En.
1211 3614 1214 3618 .

201 3669 291 3718 porum
300 3653 385 3715 spatiis
395 3653 510 3698 sacta-
522 3653 574 3697 Aut
583 3651 717 3712 Saguntum
799 3658 822 3705 4.
845 3652 911 3697 Nam
925 3654 1053 3700 excessisse
1065 3673 1154 3720 pugna
1172 3659 1210 3705 ad
1226 3662 1281 3709 Tre·

197 3731 321 3796 principio
333 3730 544 3792 anni...captum.
563 3728 589 3776 si
601 3729 717 3776 Creverio
762 3727 841 3787 biam,
855 3730 970 3779 incidisse
981 3733 1078 3782 demum
1093 3736 1175 3800 (conf.
1186 3740 1281 3799 XXX,

201 3811 336 3867 credimus,
348 3810 450 3856 omnino
462 3824 560 3855 necesse
573 3819 623 3865 est,
637 3818 664 3854 ut
676 3810 717 3854 Sa-
762 3806 810 3871 26)
830 3807 854 3854 in
874 3827 967 3858 atinam
987 3815 1127 3861 consulatus
1144 3816 1186 3866 Cn.
1201 3819 1280 3866 Servi-

200 3901 304 3954 guntum
314 3904 364 3934 non
378 3887 502 3951 principio
511 3887 584 3947 hujus
593 3886 664 3943 anni,
674 3887 717 3933 sed
762 3886 802 3943 lii,
816 3899 862 3935 etc.

200 3969 388 4032 aliquantoante
398 3965 716 4029 linemsuperioriscaptum
797 3967 820 4013 5.
837 3969 970 4016 Flaminius
986 3971 1093 4020 Arimini
1109 3976 1275 4035 consulatum,

199 4049 280 4096 suerit.
293 4047 338 4094 His
355 4047 420 4094 enim
435 4044 587 4108 temporibus
602 4045 715 4093 consules
760 4055 819 4104 etc.;
835 4047 890 4094 vide
903 4065 955 4112 cap.
972 4049 1002 4108 57
1019 4061 1043 4097 et
1056 4053 1099 4100 63.
1110 4082 1143 4091 -
1159 4055 1277 4113 Creatmff

197 4128 262 4182 Idib.
275 4127 372 4175 Martiis
382 4125 549 4191 magistratum
560 4123 674 4173 inibant:
688 4141 711 4171 v.
758 4124 815 4172 vide
827 4124 926 4181 adVlI,
939 4129 984 4187 16,
995 4145 1020 4176 n.
1034 4131 1058 4177 6.
