2662 4814
133 349 177 434 5-4
553 355 592 420 r.
624 355 761 422 Livii
1048 329 1168 439 llll:

129 475 266 571 capita,
288 472 543 569 vibrantesque
569 475 704 545 dextris
729 473 824 544 tela:
847 492 1065 569 quanquam·
1080 487 1123 542 'et
1152 496 1194 542 ex

128 583 278 653 adverso
299 582 456 654 terrebat
480 597 578 654 tanta
602 587 654 655 vis
677 585 822 653 navium
842 608 923 654 eum
943 584 1084 680 ingenti
1105 606 1194 653 sono

128 692 306 780 fluminis,
323 708 359 764 et
378 694 533 766 clamore
552 697 651 765 vario
670 709 862 765 nautarum
879 708 915 764 et
935 695 1112 778 militum,
1133 694 1196 789 qui

128 801 340 873 nitebantur
360 829 597 902 perrumpere
617 807 793 904 impetum
816 804 994 890 fluminis,
1013 818 1049 875 et
1069 804 1196 899 quiex

128 911 239 981 altera
260 914 338 1009 ripa
360 916 577 1007 trajicientes
600 941 683 985 suos
709 910 988 985 hortabantur³.
1010 919 1088 984 Jam
1112 914 1218 1012 satis.

127 1037 299 1120 paventes
318 1024 468 1096 adverso
487 1027 669 1098 tumultul
685 1025 883 1097 terribilior
902 1025 947 1096 ab
967 1040 1069 1120 tergo
1091 1024 1223 1094 ador-

128 1145 187 1200 tus
210 1132 361 1222 clamor,
382 1137 504 1205 castris
527 1135 573 1205 ab
598 1143 777 1206 Hannone
800 1137 922 1232 captis.
950 1139 1095 1206 Moxet
1120 1137 1233 1231 ipse

129 1241 251 1313 aderat
263 1239 289 1330 ⁵,
305 1269 510 1342 ancepsque
526 1261 643 1316 terror
658 1245 929 1331 circumstabat,
949 1259 985 1316 et
1003 1270 1023 1315 e
1043 1243 1229 1316 navibus-

128 1365 227 1423 tanta
246 1355 282 1422 vi
300 1369 519 1425 armatorum
538 1357 576 1424 in
598 1371 730 1425 terram
755 1355 945 1442 evadente,
965 1369 1000 1424 et
1022 1353 1068 1423 ab
1091 1367 1223 1452 terge)

127 1463 321 1559 improvisa
343 1479 531 1559 premente
554 1467 638 1535 acie.
665 1466 780 1551 Galli,
804 1479 1013 1561 postquam,
1034 1478 1209 1561 utroque-

129 1574 199 1641 vim
226 1570 531 1660 face1·eeonati⁶,
557 1573 804 1670 pellebantur,
831 1598 903 1669 qua
929 1587 1051 1670 patere
1077 1574 1204 1642 visum

128 1685 283 1771 maxime
298 1686 381 1772 iter,
397 1700 657 1782 perrumpunt,
675 1684 881 1780 trepidique
897 1686 934 1752 in
950 1685 1047 1754 vicos
1063 1685 1192 1781 passim
1218 1708 1222 1716 ’

130 1817 215 1864 suos
243 1793 670 1890 diffugiuntflannibal,
693 1797 827 1865 caeteris
851 1795 974 1890 copiis·
987 1819 1053 1892 per
1080 1796 1192 1873 otium

131 1905 306 1999 trajectis,
320 1930 493 2003 spernens
505 1908 578 2001 jam
592 1906 737 2002 gallicos
751 1905 946 1991 tumultus,
962 1919 1075 1974 castra
1088 1905 1186 1976 locat.

131 2015 417 2111 Elephantorum
448 2017 743 2111 trajiciendorum
773 2017 869 2087 varia
904 2015 1052 2086 consilia
1085 2014 1189 2085 fuisse

130 2125 260 2196 credo:
276 2140 371 2197 certe
387 2128 726 2199 variata-memoria⁷
741 2140 828 2199 acteo
840 2128 904 2197 rei.
918 2126 1091 2218 Quidam,
1106 2150 1189 2196 con·

131 2352 215 2400 confer
224 2352 312 2416 Polyb.
326 2354 380 2417 III,
389 2354 435 2411 43,
447 2365 472 2401 et
485 2354 549 2401 vide*
556 2353 587 2400 ad
599 2355 637 2413 x,
681 2353 712 2401 ad
723 2353 806 2401 Gallos
815 2353 846 2403 ab
856 2354 978 2401 Hannone
987 2360 1064 2397 castra
1075 2349 1189 2414 capiente,

131 2432 177 2488 26,
191 2442 242 2477 not.
256 2432 278 2477 8.
293 2458 324 2466 -
337 2431 476 2495 Quatiemes
488 2445 557 2480 scuta
569 2448 640 2496 super
682 2448 741 2479 mox
759 2432 808 2495 ipse
827 2447 924 2494 quoque
944 2429 1052 2477 advenit.
1070 2450 1083 2470 ³>
1104 2427 1191 2477 Confer

129 2509 230 2573 capita,·
245 2510 328 2556 confer
341 2512 492 2569 XXXVIII,
511 2528 555 2570 17,
569 2523 593 2559 et
607 2511 638 2559 ad
682 2513 792 2568 XXVH,
805 2511 850 2567 323
863 2511 969 2567 XXXI,
983 2523 1031 2566 213
1045 2509 1139 2565 XLIV,
1151 2505 1190 2562 45.

130 2587 173 2636 Sil.
186 2590 237 2646 111,
251 2589 314 2645 346,
327 2591 387 2642 348.
682 2593 727 2638 Eo.
739 2616 774 2624 —
790 2591 885 2652 Anceps
899 2600 990 2644 terror,
1006 2604 1029 2633 v.
1039 2588 1064 2644 l,
1078 2585 1122 2643 αδ,
1136 2603 1160 2633 n.
1170 2593 1192 2640 4.

102 2672 105 2682 “
168 2669 191 2714 3.
207 2667 256 2728 Qui
268 2683 299 2713 ex
308 2668 387 2713 altera
395 2668 543 2731 tinacsuos
557 2668 639 2715 horta·
719 2670 744 2717 6.
762 2671 868 2731 Utroque
885 2667 936 2714 vim
947 2666 1035 2731 facere
1052 2664 1139 2711 conati
1155 2663 1193 2730 (in

131 2747 220 2792 bantur
226 2780 234 2802 ,
249 2756 377 2809 postquam
389 2746 450 2794 duce
458 2747 640 2806 Hannonejam
684 2764 739 2805 eos,
749 2747 791 2810 qui
799 2747 849 2807 jam
856 2746 1000 2795 transierant
1009 2760 1065 2791 cum
1072 2746 1193 2790 Hannone

131 2823 232 2871 fluvium
244 2827 395 2886 trajecerant.
683 2827 842 2882 Rhodanum,
854 2827 944 2888 quique
960 2839 1026 2870 nunc
1044 2819 1195 2885 transibant)

167 2912 190 2959 4.
197 2902 305 2950 Adverso
313 2903 415 2950 tumultu
420 2938 428 2960 ,
437 2903 479 2967 qui
489 2920 520 2951 ex
528 2904 640 2963 adverso,
685 2922 697 2953 e
711 2907 773 2953 Mss
789 2905 902 2953 Cantabr.
917 2914 941 2951 et
955 2903 1026 2950 Crev.
1044 2902 1126 2964 recepi
1141 2916 1195 2947 cum

131 2981 171 3029 vel
183 2982 210 3028 in
221 2993 366 3045 conspeetu,
375 2994 399 3030 et
413 2995 468 3031 ante
481 2983 566 3031 oculos
576 2995 641 3042 erat,
685 2985 776 3032 Stroth.
789 2983 905 3030 euadente
916 2985 968 3030 Jac.
982 2982 1058 3028 Gron.
1072 2996 1119 3043 pro
1130 2979 1195 3042 vulg.

129 3072 158 3109 ut
174 3072 260 3108 contra
273 3061 366 3108 clamor
382 3062 415 3107 ab
433 3074 506 3127 tergo.
526 3063 642 3111 Similiter
686 3065 749 3111 ultro
764 3063 816 3110 vim
823 3061 849 3126 f
858 3078 879 3107 c.
893 3063 923 3106 In
935 3062 997 3107 MSS
1010 3059 1072 3106 Flor.
1084 3070 1196 3122 utroque.

130 3141 233 3188 adversa
245 3139 350 3186 vuhrera
360 3152 384 3187 et
398 3140 442 3198 al.,
455 3142 544 3204 quibus
557 3159 642 3190 aversa
685 3145 770 3190 Bauer.
783 3151 807 3188 et
816 3140 881 3186 nuk.
890 3138 1197 3200 junguntultropelleban·

133 3229 300 3284 opponuntur.
315 3219 387 3266 Conf.
400 3219 432 3266 ad
441 3221 533 3278 11‚‚23,
545 3237 570 3268 n.
582 3222 605 3267 5.
686 3233 740 3277 tur,
754 3231 778 3267 et
790 3219 830 3264 ille
845 3218 908 3263 ultro
923 3217 1012 3279 accipit
1027 3231 1073 3278 pro
1086 3215 1146 3278 ipsi,
1158 3215 1198 3262 vel

167 3300 190 3347 5.
207 3302 268 3346 Mox
279 3298 362 3361 etipse
371 3298 459 3344 aderat
468 3301 566 3346 Hanno.
577 3300 642 3346 «Sed
684 3301 734 3354 ita,
754 3310 781 3346 ut
795 3309 819 3345 et
833 3297 902 3343 notio
922 3295 1018 3358 iusuper
1031 3295 1058 3340 in
1075 3310 1106 3340 eo
1124 3296 1198 3342 lateat

131 3389 155 3426 et
167 3378 217 3441 ipse
231 3389 307 3425 castra
322 3388 427 3440 ceperat.
441 3376 491 3423 Cur
501 3393 559 3440 ergo
571 3377 641 3424 addi·
686 3380 747 3445 (non
762 3377 837 3424 modo
850 3376 899 3422 vim
913 3375 991 3420 facere
1003 3389 1054 3419 non
1068 3384 1196 3436 poterant,

132 3467 172 3504 tur
184 3456 252 3521 ipse?
264 3462 335 3504 Forte
346 3456 393 3518 leg.
408 3455 477 3519 ipsis,
488 3455 538 3502 scil.
550 3456 639 3504 Gallis:
685 3458 728 3504 sed
740 3457 853 3519 insuper,
863 3454 910 3517 ipsi
919 3468 1032 3515 quoque,
1044 3468 1057 3498 e
1072 3453 1196 3500 contrario

133 3535 196 3582 sicut
211 3547 288 3583 castra
303 3551 387 3583 eorum
402 3545 511 3597 ceperat,
528 3534 560 3581 ita
576 3551 641 3581 nunc
685 3531 863 3600 pellebantur),
873 3531 913 3578 hic
922 3546 968 3594 pro
979 3530 1084 3592 insuper,
1095 3547 1148 3577 nou
1158 3548 1198 3578 ex-

131 3615 244 3678 ipsos‚In
254 3615 306 3678 ripa
317 3613 619 3675 stantes,aggrediebatur;
628 3636 641 3655 n
685 3625 836 3678 spectantes,
849 3622 876 3658 ut
883 3612 915 3668 V,
927 3607 972 3668 37,
990 3620 1041 3655 not.
1055 3624 1081 3667 1,
1097 3620 1122 3656 et
1130 3610 1198 3674 apud

133 3694 218 3740 Bauer.
230 3693 321 3740 Confer
332 3692 363 3739 ad
371 3694 402 3750 V,
413 3693 459 3748 43,
470 3708 496 3737 n.
506 3691 534 3737 5.
546 3719 581 3726 —
591 3691 643 3738 Ad·
687 3696 753 3741 Suet.
765 3692 821 3739 Tib.
836 3706 875 3738 ιι.
892 3688 982 3738 Confer
994 3702 1059 3750 supr.
1075 3686 1107 3733 ad
1123 3691 1150 3746 I,
1167 3689 1198 3748 5,

132 3786 216 3819 versus
229 3771 346 3817 Bauerum
360 3770 572 3817 BritmerOhserv.
585 3786 640 3833 pag.
686 3789 711 3819 n.
723 3772 748 3820 6.
767 3771 858 3819 Contra
875 3768 949 3815 Drak.
967 3767 1030 3813 ultro
1048 3765 1197 3830 vimsacere

134 3853 179 3908 52,
192 3849 242 3913 ipse
252 3849 368 3896 defendit.
382 3849 452 3897 Nihil
469 3849 533 3896 enim
547 3859 640 3896 mutato
685 3850 734 3897 diei
743 3851 768 3897 h.
782 3850 798 3897 l.
813 3858 907 3905 monet,
917 3846 959 3910 qqi
969 3845 1065 3892 hostem
1074 3846 1149 3909 primi
1159 3862 1198 3910 ag·

132 3944 195 3994 opus
209 3938 264 3986 est3
289 3928 380 3991 quippe
397 3929 490 3975 clamor
508 3939 532 3974 et
549 3930 640 3974 chtno
685 3929 833 3993 gradiantur.

132 4007 254 4057 contraria
270 4005 347 4053 videri
357 4006 459 4064 debent,
473 4007 499 4052 in
509 4007 572 4054 hanc
586 4024 640 4054 sen·
721 4025 744 4069 7.
774 4007 841 4054 Certe
861 4005 963 4052 variata
981 4004 1047 4051 varie
1070 4005 1196 4069 exposita,

131 4087 232 4139 tentiam
248 4099 254 4133 :
275 4085 402 4136 «Primum
422 4086 516 4132 clamor
529 4087 641 4150 pervenit
687 4089 750 4134 varia
762 4099 786 4135 et
798 4087 892 4135 diversa
905 4096 942 4133 est
951 4081 1047 4147 (confer
1060 4083 1092 4130 ad
1101 4087 1130 4145 I,
1147 4086 1195 4144 43,
