2662 4814
238 343 284 430 34
663 349 701 416 T·
738 350 878 417 L1V11
1152 334 1276 444 titt:

235 467 410 540 acerrimo
434 479 635 554 assuetum,
660 482 845 538 recentem
870 465 917 539 ab
939 469 1080 540 excidio
1102 473 1297 569 opulentis·

232 581 330 649 sirnae
344 576 445 647 urbis
454 587 480 666 ⁷,
495 575 643 647 Iberum
657 579 826 648 transire:
842 577 984 651 trahere
998 605 1118 652 secum
1136 598 1194 654 tot
1209 588 1299 656 exci-

234 703 293 761 tos
310 689 552 783 Hispanorum
571 688 746 785 populos:
770 690 997 760 conciturum
1017 690 1136 762 avidas
1158 719 1298 792 semper

232 802 415 870 armornm
434 797 576 895 gallicas
592 813 739 895 gentes:
756 821 841 869 cum
859 799 948 870 orbe
967 814 1144 871 terrarum
1162 801 1296 875 bellum

231 909 431 1006 gerendum
448 911 486 978 in
506 908 626 996 Italia,
645 933 686 978 ac
699 933 768 1005 pro
788 908 972 981 moenibus
992 914 1152 983 romanis
1170 938 1259 986 esse.

186 1004 197 1018 ⁴
280 1016 391 1090 XVII.
417 1021 618 1092 Nominatae
640 1019 716 1114 jam
742 1034 848 1091 antea
870 1019 1080 1091 consulibus
1103 1024 1296 1119 provincie

229 1147 333 1204 erant
343 1142 375 1217 ¹3
394 1144 474 1200 tum
486 1130 607 1200 sortiri
619 1129 720 1224 jussi.
737 1131 907 1201 Cornelio
923 1132 1111 1228 Hispania,
1127 1137 1297 1230 Sempro·

223 1243 290 1312 'nio
305 1239 423 1311 Africa
440 1262 524 1311 oum
544 1239 662 1307 Sicilia
680 1241 811 1309 evenit.
833 1244 903 1310 Sex
918 1241 957 1309 in
976 1265 1060 1311 eum
1079 1266 1219 1312 annum
1240 1242 1297 1315 de-

229 1368 334 1424 cretae
347 1351 526 1447 legiones,
542 1361 579 1419 et
595 1348 733 1418 socium
751 1363 928 1444 quantum
944 1352 1029 1446 ipsis
1043 1351 1245 1439 videretur,
1263 1372 1297 1426 et

228 1464 348 1534 classis
358 1473 494 1556 quanta
505 1457 622 1556 parari
632 1471 766 1553 posset.
776 1462 942 1549 Quatuor
952 1473 988 1529 et
996 1461 1123 1556 viginti
1132 1462 1295 1558 peditum

229 1577 478 1643 Romanorum
501 1567 611 1637 miliia
634 1582 719 1637 sunt
741 1569 890 1665 scripta,
915 1583 952 1638 et
975 1569 1073 1640 mille
1098 1573 1297 1669 octingenti

227 1685 391 1780 equites²
407 1708 415 1748 :
432 1681 614 1750 sociorum
630 1677 867 1775 quadraginta
881 1679 993 1749 miliia
1006 1679 1190 1776 peditum,
1211 1708 1296 1779 qua·

228 1808 313 1864 tuor
336 1791 446 1861 millia
472 1805 507 1861 et
532 1788 789 1885 quadringenti
814 1790 977 1886 equites:
1004 1815 1112 1861 naves
1133 1792 1297 1864 ducentae

227 1903 353 1999 viginti
370 1902 668 1997 quinqueremes,
682 1898 821 1969 celoces
835 1900 961 1996 viginti
974 1899 1147 1971 deductae.
1165 1907 1297 1974 Latum

228 2013 314 2083 inde
333 2011 378 2082 ad
397 2008 598 2108 populum,
621 2007 777 2094 vellent,
786 2009 974 2102 juberent,
988 2009 1134 2108 populo
1151 2015 1296 2084 cartha-

224 2127 383 2220 gr'niensi
395 2119 526 2191 bellum
540 2117 666 2202 1'ndici3
683 2118 837 2214 ejusque
853 2116 940 2188 belli
956 2142 1063 2189 causa
1079 2120 1297 2218 supplicatio

227 2259 294 2331 per
309 2231 444 2302 Urbem
463 2227 585 2299 habita
598 2225 626 2316 ³,
646 2242 755 2324 atque
772 2227 911 2299 adorati
927 2226 994 2316 dii,
1014 2244 1055 2300 ut
1072 2228 1169 2302 bene
1186 2256 1230 2304 ac
1247 2231 1297 2304 fe-

224 2345 340 2415 liciter
363 2342 541 2422 eveniret,
565 2338 667 2435 quod
685 2337 823 2409 bellum
845 2340 1004 2436 populus
1021 2365 1198 2412 romanus
1218 2344 1295 2438 jus-

226 2457 339 2525 sisset.
364 2458 464 2523 Inter
489 2449 655 2521 consules
684 2450 732 2518 ita
762 2451 874 2546 copiae
902 2450 1050 2522 divisae:
1077 2454 1297 2550 Sempronio

140 2678 142 2684 '
225 2675 350 2724 infinitivo
360 2674 456 2736 squu03
470 2671 526 2718 vide
537 2669 642 2726 Duker„
658 2672 736 2717 Gron.
781 2681 825 2718 tes.
840 2672 912 2720 Conf.
925 2671 1207 2730 ndVIII,8,n.1o.—
1220 2677 1297 2738 Quin.

225 2766 251 2803 et
263 2753 338 2801 Drak.
353 2751 385 2799 nd
397 2751 500 2807 XXIV,
513 2750 560 2805 48;
572 2750 677 2806 xxxi,
692 2748 736 2806 353
781 2749 999 2812 queremes.Neves
1008 2751 1115 2814 quinque
1123 2769 1249 2802 remorum
1258 2773 1297 2804 or·

220 2834 343 2889 mm,
353 2831 395 2888 31,
403 2829 445 2886 35,
455 2838 479 2874 et
485 2829 543 2874 Em.
552 2827 613 2874 elev.
622 2827 673 2876 Cic.
683 2827 738 2873 Vin-
781 2826 880 2876 dinibus
892 2829 1025 2877 instructae.
1036 2832 1090 2893 Qua
1103 2843 1186 2880 nutem
1199 2835 1296 2884 ratione

224 2927 279 2961 cere
289 2908 460 2975 promotorem
469 2907 534 2967 conj.
541 2908 619 2953 Gron.
628 2917 652 2953 et
662 2905 737 2952 amus
780 2905 895 2971 dispositi
905 2908 996 2956 fixerint
1006 2909 1034 2956 hi
1045 2926 1168 2958 remorum
1177 2913 1294 2984 ordines,

225 3000 362 3042 assuetum,
375 2987 450 3033 Doer.
779 2984 900 3035 incertum
913 2999 958 3035 est.
976 2990 1023 3035 Per
1040 2990 1160 3052 gradusne
1174 3003 1201 3040 et
1217 2994 1294 3042 inter·

261 3087 285 3130 7.
298 3069 423 3114 decentem
435 3065 467 3111 ab
477 3061 573 3109 excidio
586 3063 736 3127 oprtlentissi-
779 3065 842 3112 valla
859 3082 931 3129 supra
951 3083 976 3113 se
996 3067 1100 3114 Invicem
1119 3072 1291 3135 assurgebant,

225 3166 272 3198 mae
285 3143 363 3200 urbis,
384 3143 465 3191 statim
482 3152 540 3206 post
555 3141 678 3190 excidium
695 3143 737 3188 Ss-
780 3144 848 3204 quod
859 3143 989 3191 multifieri
999 3160 1292 3210 possenegant,anvero

225 3226 307 3295 gnntI,
327 3233 355 3270 ut
374 3222 440 3286 opud
460 3220 512 3269 Cic.
526 3219 557 3266 sd
569 3221 621 3267 Att.
634 3221 734 3279 ΠΜ
779 3219 807 3266 in
817 3220 996 3284 longitudinem
1007 3235 1102 3272 tantum
1113 3229 1250 3277 secundum
1262 3231 1292 3278 lt·

225 3324 263 3373 pr,
274 3303 339 3353 0121,
780 3309 820 3345 tus
832 3300 901 3346 navis
913 3302 1089 3351 excurrebant?
1096 3304 1150 3351 haec
1159 3307 1234 3356 nobis
1242 3325 1290 3358 me·

260 3386 321 3434 Csr.
334 3380 419 3426 XVII.
437 3392 458 3423 1.
473 3375 613 3423 Nominotae
620 3376 677 3440 jam
691 3392 736 3422 an·
779 3377 828 3423 lior
844 3378 942 3426 videtur
957 3382 1103 3441 conjectura.
1122 3385 1160 3430 De
1177 3385 1218 3433 his
1234 3387 1290 3434 vide

223 3455 736 3521 teaconsulibusprovinciaeeront‚regio·
780 3467 904 3504 auctorem
924 3458 1047 3520 Antiquit.
1066 3461 1236 3513 Schemetihus
1260 3466 1287 3513 il-

222 3559 281 3599 nes,
292 3543 318 3587 in
331 3537 421 3602 quihus
433 3535 524 3582 bellum
533 3533 677 3596 gerendum,
684 3533 735 3593 jam
778 3535 848 3582 lustr.
862 3537 997 3595 tonvttt,
1011 3537 1287 3608 1ih.11,oep,a„qq,‚

225 3619 333 3670 definitae
347 3634 362 3664 a
380 3625 479 3671 senatu,
497 3613 539 3660 sed
559 3610 670 3659 nondum
685 3627 735 3658 sor·
778 3625 804 3660 et
814 3615 902 3663 Ceeser.
912 3625 977 3663 nost.
990 3616 1048 3664 edit.
1063 3620 1112 3665 vol.
1125 3622 1171 3680 IV,
1179 3638 1236 3686 pag.
1246 3625 1286 3671 53.

225 3700 282 3749 titio
294 3711 400 3744 esrums
414 3691 556 3741 oonsulibus
575 3691 646 3737 faeta.
661 3690 733 3738 Cous.
778 3694 824 3739 En.
839 3719 874 3728 —
888 3693 981 3742 celoces
995 3692 1079 3759 (naves
1091 3698 1179 3746 celeres
1193 3717 1222 3748 ,ο
1233 3701 1286 3749 hm.

223 3778 316 3835 mv,
329 3791 368 3834 17.
778 3771 870 3830 viores3
884 3772 941 3821 vide
955 3772 1084 3821 Ruhnken.
1100 3776 1132 3822 ad
1146 3779 1234 3828 Vellei.
1249 3781 1286 3839 11,

259 3873 283 3904 α,
297 3855 408 3916 Quatuor
418 3862 443 3897 et
452 3847 656 3914 vigintipeditum
664 3849 733 3894 Rom.
779 3849 827 3915 73)
841 3849 931 3914 viginti
948 3851 1058 3900 deduetoe
1066 3872 1077 3909 ;
1093 3855 1151 3903 vide
1167 3857 1200 3904 ad
1210 3859 1285 3917 vm,

221 3939 259 3986 M.
269 3943 326 3983 sunt
335 3928 425 3993 scripta
435 3940 459 3975 et
475 3930 540 3975 1800
551 3926 660 3990 equites:
674 3941 732 3989 ergo
777 3930 823 3987 26,
835 3946 861 3975 n.
876 3945 898 3978 1.

221 4013 315 4083 qumvis
327 4026 370 4058 sex
379 4007 516 4072 legionum,
526 4017 555 4053 ut
563 4020 624 4052 mox
633 4003 731 4064 dicitur,
812 4008 835 4054 3.
845 4008 993 4073 Supplicatio
999 4026 1046 4073 per
1056 4013 1143 4060 Urbem
1150 4012 1253 4072 habim
1261 4032 1283 4062 v.

221 4092 364 4146 continebat
374 4095 441 4144 tooo
449 4085 557 4150 pedites,
567 4095 591 4131 et
603 4086 653 4132 300
664 4085 731 4147 equi-
775 4085 807 4133 ad
821 4089 876 4147 111,
887 4088 934 4148 63,
946 4104 972 4137 n.
985 4104 1010 4137 2.
