<?xml version="1.0" encoding="UTF-8"?>
<!DOCTYPE html PUBLIC "-//W3C//DTD XHTML 1.0 Transitional//EN"
    "http://www.w3.org/TR/xhtml1/DTD/xhtml1-transitional.dtd">
<html xmlns="http://www.w3.org/1999/xhtml" xml:lang="en" lang="en">
 <head>
  <title>
</title>
<meta http-equiv="Content-Type" content="text/html;charset=utf-8" />
  <meta name='ocr-system' content='tesseract 3.04.00' />
  <meta name='ocr-capabilities' content='ocr_page ocr_carea ocr_par ocr_line ocrx_word'/>
</head>
<body>
  <div class='ocr_page' id='page_1' title='image "bibliothecaclas72lemagoog_0023.png"; bbox 0 0 2632 4808; ppageno 0'>
   <div class='ocr_carea' id='block_1_1' title="bbox 125 323 1199 2437">
    <p class='ocr_par' dir='ltr' id='par_1_1' title="bbox 125 323 1199 2437">
     <span class='ocr_line' id='line_1_1' title="bbox 132 323 1172 434; baseline -0.003 -20"><span class='ocrx_word' id='word_1_1' title='bbox 132 368 175 414; x_wconf 86' lang='lat'>10</span> <span class='ocrx_word' id='word_1_2' title='bbox 548 346 587 412; x_wconf 87' lang='lat' dir='ltr'>r.</span> <span class='ocrx_word' id='word_1_3' title='bbox 618 345 759 414; x_wconf 84' lang='lat' dir='ltr'>Ltvu</span> <span class='ocrx_word' id='word_1_4' title='bbox 1047 323 1172 434; x_wconf 53' lang='lat'>&amp;32:332</span> 
     </span>
     <span class='ocr_line' id='line_1_2' title="bbox 126 462 1197 562; baseline -0.002 -25"><span class='ocrx_word' id='word_1_5' title='bbox 126 489 226 562; x_wconf 86' lang='lat' dir='ltr'>opes.</span> <span class='ocrx_word' id='word_1_6' title='bbox 245 467 392 550; x_wconf 90' lang='lat' dir='ltr'>Hanno,</span> <span class='ocrx_word' id='word_1_7' title='bbox 415 463 561 534; x_wconf 90' lang='lat' dir='ltr'>alterius</span> <span class='ocrx_word' id='word_1_8' title='bbox 574 462 740 536; x_wconf 85' lang='lat' dir='ltr'><strong>factionis</strong></span> <span class='ocrx_word' id='word_1_9' title='bbox 754 464 943 561; x_wconf 88' lang='lat' dir='ltr'>princeps:</span> <span class='ocrx_word' id='word_1_10' title='bbox 961 494 978 529; x_wconf 72' lang='grc' dir='ltr'><strong><em>κ</em></strong></span> <span class='ocrx_word' id='word_1_11' title='bbox 989 469 1036 536; x_wconf 86' lang='lat' dir='ltr'>Et</span> <span class='ocrx_word' id='word_1_12' title='bbox 1050 489 1197 562; x_wconf 84' lang='lat' dir='ltr'>aequum</span> 
     </span>
     <span class='ocr_line' id='line_1_3' title="bbox 127 571 1198 671; baseline 0.006 -33"><span class='ocrx_word' id='word_1_13' title='bbox 127 574 343 671; x_wconf 87' lang='lat' dir='ltr'>«postulare</span> <span class='ocrx_word' id='word_1_14' title='bbox 364 571 527 661; x_wconf 85' lang='lat' dir='ltr'>videtur,</span> <span class='ocrx_word' id='word_1_15' title='bbox 547 575 682 671; x_wconf 90' lang='lat' dir='ltr'>inquit,</span> <span class='ocrx_word' id='word_1_16' title='bbox 701 573 920 659; x_wconf 74' lang='lat' dir='ltr'>Hasdrubal,</span> <span class='ocrx_word' id='word_1_17' title='bbox 937 589 974 645; x_wconf 88' lang='lat' dir='ltr'>et</span> <span class='ocrx_word' id='word_1_18' title='bbox 987 599 1055 671; x_wconf 86' lang='lat' dir='ltr'>ego</span> <span class='ocrx_word' id='word_1_19' title='bbox 1074 588 1198 646; x_wconf 83' lang='lat' dir='ltr'>tamen</span> 
     </span>
     <span class='ocr_line' id='line_1_4' title="bbox 127 683 1197 780; baseline -0.001 -26"><span class='ocrx_word' id='word_1_20' title='bbox 127 709 238 755; x_wconf 90' lang='lat' dir='ltr'>«non</span> <span class='ocrx_word' id='word_1_21' title='bbox 257 708 405 769; x_wconf 90' lang='lat' dir='ltr'>censeo,</span> <span class='ocrx_word' id='word_1_22' title='bbox 424 684 524 780; x_wconf 93' lang='lat' dir='ltr'>quod</span> <span class='ocrx_word' id='word_1_23' title='bbox 543 685 653 780; x_wconf 90' lang='lat' dir='ltr'>petit,</span> <span class='ocrx_word' id='word_1_24' title='bbox 673 683 909 756; x_wconf 88' lang='lat' dir='ltr'>tribuendum</span> <span class='ocrx_word' id='word_1_25' title='bbox 921 695 974 752; x_wconf 85' lang='lat'>¹.»</span> <span class='ocrx_word' id='word_1_26' title='bbox 988 686 1113 774; x_wconf 89' lang='lat' dir='ltr'>Quum</span> <span class='ocrx_word' id='word_1_27' title='bbox 1132 684 1197 754; x_wconf 87' lang='lat' dir='ltr'>ad-</span> 
     </span>
     <span class='ocr_line' id='line_1_5' title="bbox 126 794 1199 894; baseline -0.001 -30"><span class='ocrx_word' id='word_1_28' title='bbox 126 795 317 866; x_wconf 83' lang='lat' dir='ltr'>miratione</span> <span class='ocrx_word' id='word_1_29' title='bbox 333 810 406 866; x_wconf 87' lang='lat' dir='ltr'>tam</span> <span class='ocrx_word' id='word_1_30' title='bbox 421 794 588 894; x_wconf 89' lang='lat' dir='ltr'>ancipitis</span> <span class='ocrx_word' id='word_1_31' title='bbox 603 795 791 866; x_wconf 85' lang='lat' dir='ltr'>sententiae</span> <span class='ocrx_word' id='word_1_32' title='bbox 801 796 840 864; x_wconf 89' lang='lat' dir='ltr'>in</span> <span class='ocrx_word' id='word_1_33' title='bbox 854 818 893 865; x_wconf 89' lang='lat' dir='ltr'>se</span> <span class='ocrx_word' id='word_1_34' title='bbox 907 818 1033 865; x_wconf 89' lang='lat' dir='ltr'>omnes</span> <span class='ocrx_word' id='word_1_35' title='bbox 1050 819 1199 867; x_wconf 87' lang='lat' dir='ltr'>conver·</span> 
     </span>
     <span class='ocr_line' id='line_1_6' title="bbox 125 903 1197 1001; baseline 0.001 -28"><span class='ocrx_word' id='word_1_36' title='bbox 125 905 226 974; x_wconf 89' lang='lat' dir='ltr'>tisset</span> <span class='ocrx_word' id='word_1_37' title='bbox 255 931 262 971; x_wconf 95' lang='lat'><strong>:</strong></span> <span class='ocrx_word' id='word_1_38' title='bbox 291 905 468 975; x_wconf 88' lang='lat' dir='ltr'>«Florem</span> <span class='ocrx_word' id='word_1_39' title='bbox 493 905 629 990; x_wconf 87' lang='lat' dir='ltr'>aetatis,</span> <span class='ocrx_word' id='word_1_40' title='bbox 658 904 798 1001; x_wconf 87' lang='lat' dir='ltr'>inquit,</span> <span class='ocrx_word' id='word_1_41' title='bbox 825 903 1053 988; x_wconf 86' lang='lat' dir='ltr'><strong>Hasdrubal,</strong></span> <span class='ocrx_word' id='word_1_42' title='bbox 1084 929 1197 1001; x_wconf 90' lang='lat' dir='ltr'>quem</span> 
     </span>
     <span class='ocr_line' id='line_1_7' title="bbox 126 1011 1197 1111; baseline 0.005 -29"><span class='ocrx_word' id='word_1_43' title='bbox 126 1041 142 1074; x_wconf 77' lang='lat' dir='ltr'>c</span> <span class='ocrx_word' id='word_1_44' title='bbox 161 1014 239 1108; x_wconf 91' lang='lat' dir='ltr'>ipse</span> <span class='ocrx_word' id='word_1_45' title='bbox 257 1014 351 1111; x_wconf 88' lang='lat' dir='ltr'>patri</span> <span class='ocrx_word' id='word_1_46' title='bbox 367 1012 578 1085; x_wconf 82' lang='lat' dir='ltr'>Hannibalis</span> <span class='ocrx_word' id='word_1_47' title='bbox 596 1011 793 1086; x_wconf 85' lang='lat' dir='ltr'>fruendum</span> <span class='ocrx_word' id='word_1_48' title='bbox 809 1013 981 1110; x_wconf 75' lang='lat' dir='ltr'>praebuit,</span> <span class='ocrx_word' id='word_1_49' title='bbox 999 1014 1099 1108; x_wconf 89' lang='lat' dir='ltr'>justo</span> <span class='ocrx_word' id='word_1_50' title='bbox 1114 1013 1197 1109; x_wconf 87' lang='lat' dir='ltr'>jure</span> 
     </span>
     <span class='ocr_line' id='line_1_8' title="bbox 127 1121 1196 1222; baseline 0.003 -29"><span class='ocrx_word' id='word_1_51' title='bbox 127 1152 144 1188; x_wconf 72' lang='grc' dir='ltr'>ι(</span> <span class='ocrx_word' id='word_1_52' title='bbox 164 1148 248 1193; x_wconf 89' lang='lat' dir='ltr'>eum</span> <span class='ocrx_word' id='word_1_53' title='bbox 264 1148 284 1193; x_wconf 91' lang='lat' dir='ltr'>a</span> <span class='ocrx_word' id='word_1_54' title='bbox 304 1121 380 1194; x_wconf 88' lang='lat' dir='ltr'>fflio</span> <span class='ocrx_word' id='word_1_55' title='bbox 395 1125 510 1222; x_wconf 91' lang='lat' dir='ltr'>repeti</span> <span class='ocrx_word' id='word_1_56' title='bbox 529 1138 661 1196; x_wconf 88' lang='lat' dir='ltr'>censet.</span> <span class='ocrx_word' id='word_1_57' title='bbox 676 1128 751 1198; x_wconf 89' lang='lat' dir='ltr'>Nos</span> <span class='ocrx_word' id='word_1_58' title='bbox 770 1139 893 1196; x_wconf 89' lang='lat' dir='ltr'>tamen</span> <span class='ocrx_word' id='word_1_59' title='bbox 911 1125 1059 1196; x_wconf 88' lang='lat' dir='ltr'>minime</span> <span class='ocrx_word' id='word_1_60' title='bbox 1074 1124 1196 1213; x_wconf 89' lang='lat' dir='ltr'>decet,</span> 
     </span>
     <span class='ocr_line' id='line_1_9' title="bbox 125 1232 1197 1331; baseline 0.001 -28"><span class='ocrx_word' id='word_1_61' title='bbox 125 1233 386 1327; x_wconf 88' lang='lat' dir='ltr'>«juventutem</span> <span class='ocrx_word' id='word_1_62' title='bbox 410 1247 572 1305; x_wconf 91' lang='lat' dir='ltr'>nostram</span> <span class='ocrx_word' id='word_1_63' title='bbox 595 1258 664 1331; x_wconf 88' lang='lat' dir='ltr'>pro</span> <span class='ocrx_word' id='word_1_64' title='bbox 688 1235 833 1305; x_wconf 89' lang='lat' dir='ltr'>militari</span> <span class='ocrx_word' id='word_1_65' title='bbox 847 1232 1056 1305; x_wconf 87' lang='lat' dir='ltr'>rudimento</span> <span class='ocrx_word' id='word_1_66' title='bbox 1073 1257 1197 1305; x_wconf 89' lang='lat' dir='ltr'>assue-</span> 
     </span>
     <span class='ocr_line' id='line_1_10' title="bbox 127 1340 1197 1442; baseline 0.007 -36"><span class='ocrx_word' id='word_1_67' title='bbox 127 1373 143 1406; x_wconf 87' lang='lat'>«</span> <span class='ocrx_word' id='word_1_68' title='bbox 161 1341 278 1415; x_wconf 87' lang='lat' dir='ltr'>facere</span> <span class='ocrx_word' id='word_1_69' title='bbox 293 1343 435 1415; x_wconf 88' lang='lat' dir='ltr'>libidini</span> <span class='ocrx_word' id='word_1_70' title='bbox 449 1359 647 1442; x_wconf 65' lang='lat' dir='ltr'>praetorum</span> <span class='ocrx_word' id='word_1_71' title='bbox 657 1340 683 1413; x_wconf 83' lang='lat'>⁵.</span> <span class='ocrx_word' id='word_1_72' title='bbox 698 1349 755 1417; x_wconf 86' lang='lat' dir='ltr'>An</span> <span class='ocrx_word' id='word_1_73' title='bbox 772 1343 842 1415; x_wconf 92' lang='lat' dir='ltr'>hoc</span> <span class='ocrx_word' id='word_1_74' title='bbox 859 1345 1051 1429; x_wconf 89' lang='lat' dir='ltr'>timemus,</span> <span class='ocrx_word' id='word_1_75' title='bbox 1068 1369 1118 1414; x_wconf 90' lang='lat' dir='ltr'>ne</span> <span class='ocrx_word' id='word_1_76' title='bbox 1131 1349 1197 1414; x_wconf 90' lang='lat' dir='ltr'>Ha·</span> 
     </span>
     <span class='ocr_line' id='line_1_11' title="bbox 126 1449 1198 1552; baseline 0.005 -33"><span class='ocrx_word' id='word_1_77' title='bbox 126 1485 143 1520; x_wconf 88' lang='lat'>«</span> <span class='ocrx_word' id='word_1_78' title='bbox 162 1455 317 1526; x_wconf 89' lang='lat' dir='ltr'>milcaris</span> <span class='ocrx_word' id='word_1_79' title='bbox 326 1453 421 1526; x_wconf 90' lang='lat' dir='ltr'>filius</span> <span class='ocrx_word' id='word_1_80' title='bbox 431 1456 538 1526; x_wconf 92' lang='lat' dir='ltr'>nimis</span> <span class='ocrx_word' id='word_1_81' title='bbox 548 1480 630 1526; x_wconf 89' lang='lat' dir='ltr'>sero</span> <span class='ocrx_word' id='word_1_82' title='bbox 643 1455 794 1552; x_wconf 91' lang='lat' dir='ltr'>imperia</span> <span class='ocrx_word' id='word_1_83' title='bbox 805 1449 1034 1542; x_wconf 81' lang='lat' dir='ltr'>immodica⁶,</span> <span class='ocrx_word' id='word_1_84' title='bbox 1043 1467 1080 1525; x_wconf 88' lang='lat' dir='ltr'>et</span> <span class='ocrx_word' id='word_1_85' title='bbox 1092 1455 1198 1552; x_wconf 84' lang='lat' dir='ltr'>regni</span> 
     </span>
     <span class='ocr_line' id='line_1_12' title="bbox 125 1564 1197 1662; baseline 0.008 -35"><span class='ocrx_word' id='word_1_86' title='bbox 125 1566 302 1660; x_wconf 86' lang='lat' dir='ltr'>«paterni</span> <span class='ocrx_word' id='word_1_87' title='bbox 320 1566 478 1662; x_wconf 88' lang='lat' dir='ltr'>speciem</span> <span class='ocrx_word' id='word_1_88' title='bbox 496 1564 639 1636; x_wconf 82' lang='lat' dir='ltr'>videat?</span> <span class='ocrx_word' id='word_1_89' title='bbox 659 1580 712 1652; x_wconf 91' lang='lat' dir='ltr'>et,</span> <span class='ocrx_word' id='word_1_90' title='bbox 737 1565 841 1659; x_wconf 87' lang='lat' dir='ltr'>cujus</span> <span class='ocrx_word' id='word_1_91' title='bbox 860 1566 954 1660; x_wconf 90' lang='lat' dir='ltr'>regis</span> <span class='ocrx_word' id='word_1_92' title='bbox 971 1588 1109 1660; x_wconf 83' lang='lat' dir='ltr'>genero</span> <span class='ocrx_word' id='word_1_93' title='bbox 1129 1564 1197 1636; x_wconf 90' lang='lat' dir='ltr'>he-</span> 
     </span>
     <span class='ocr_line' id='line_1_13' title="bbox 126 1673 1196 1772; baseline 0.002 -30"><span class='ocrx_word' id='word_1_94' title='bbox 126 1702 143 1736; x_wconf 87' lang='lat'>«</span> <span class='ocrx_word' id='word_1_95' title='bbox 161 1675 320 1746; x_wconf 89' lang='lat' dir='ltr'>reditarii</span> <span class='ocrx_word' id='word_1_96' title='bbox 334 1677 406 1746; x_wconf 87' lang='lat' dir='ltr'>sint</span> <span class='ocrx_word' id='word_1_97' title='bbox 414 1674 530 1747; x_wconf 90' lang='lat' dir='ltr'>relicti</span> <span class='ocrx_word' id='word_1_98' title='bbox 543 1676 722 1746; x_wconf 86' lang='lat' dir='ltr'>exercitus</span> <span class='ocrx_word' id='word_1_99' title='bbox 734 1675 867 1762; x_wconf 86' lang='lat' dir='ltr'>nostri,</span> <span class='ocrx_word' id='word_1_100' title='bbox 881 1675 959 1769; x_wconf 87' lang='lat' dir='ltr'>ejus</span> <span class='ocrx_word' id='word_1_101' title='bbox 973 1673 1049 1745; x_wconf 91' lang='lat' dir='ltr'>filio</span> <span class='ocrx_word' id='word_1_102' title='bbox 1064 1699 1196 1772; x_wconf 89' lang='lat' dir='ltr'>parum</span> 
     </span>
     <span class='ocr_line' id='line_1_14' title="bbox 126 1784 1196 1882; baseline 0.005 -31"><span class='ocrx_word' id='word_1_103' title='bbox 126 1812 142 1847; x_wconf 79' lang='grc' dir='ltr'>α</span> <span class='ocrx_word' id='word_1_104' title='bbox 160 1797 301 1855; x_wconf 91' lang='lat' dir='ltr'>mature</span> <span class='ocrx_word' id='word_1_105' title='bbox 311 1787 528 1856; x_wconf 84' lang='lat' dir='ltr'>serviamus?</span> <span class='ocrx_word' id='word_1_106' title='bbox 540 1790 635 1882; x_wconf 82' lang='lat' dir='ltr'>Ego,</span> <span class='ocrx_word' id='word_1_107' title='bbox 649 1786 758 1856; x_wconf 91' lang='lat' dir='ltr'>istum</span> <span class='ocrx_word' id='word_1_108' title='bbox 770 1786 943 1881; x_wconf 87' lang='lat' dir='ltr'>juvenem</span> <span class='ocrx_word' id='word_1_109' title='bbox 955 1784 1055 1856; x_wconf 93' lang='lat' dir='ltr'>domi</span> <span class='ocrx_word' id='word_1_110' title='bbox 1069 1799 1196 1856; x_wconf 87' lang='lat' dir='ltr'>teneu-</span> 
     </span>
     <span class='ocr_line' id='line_1_15' title="bbox 126 1893 1196 1995; baseline -0.001 -32"><span class='ocrx_word' id='word_1_111' title='bbox 126 1923 143 1957; x_wconf 89' lang='lat'>«</span> <span class='ocrx_word' id='word_1_112' title='bbox 160 1893 264 1980; x_wconf 90' lang='lat' dir='ltr'>dum,</span> <span class='ocrx_word' id='word_1_113' title='bbox 283 1895 351 1966; x_wconf 92' lang='lat' dir='ltr'>sub</span> <span class='ocrx_word' id='word_1_114' title='bbox 368 1895 527 1993; x_wconf 84' lang='lat' dir='ltr'>legibus,</span> <span class='ocrx_word' id='word_1_115' title='bbox 549 1895 617 1966; x_wconf 90' lang='lat' dir='ltr'>sub</span> <span class='ocrx_word' id='word_1_116' title='bbox 636 1894 905 1995; x_wconf 85' lang='lat' dir='ltr'>magistratibus</span> <span class='ocrx_word' id='word_1_117' title='bbox 923 1893 1133 1966; x_wconf 90' lang='lat' dir='ltr'>docendum</span> <span class='ocrx_word' id='word_1_118' title='bbox 1149 1895 1196 1963; x_wconf 88' lang='lat' dir='ltr'>vi-</span> 
     </span>
     <span class='ocr_line' id='line_1_16' title="bbox 127 2003 1194 2103; baseline 0.003 -30"><span class='ocrx_word' id='word_1_119' title='bbox 127 2031 144 2066; x_wconf 89' lang='lat'>«</span> <span class='ocrx_word' id='word_1_120' title='bbox 161 2029 246 2075; x_wconf 87' lang='lat' dir='ltr'>vere</span> <span class='ocrx_word' id='word_1_121' title='bbox 266 2029 371 2103; x_wconf 85' lang='lat' dir='ltr'>aequo</span> <span class='ocrx_word' id='word_1_122' title='bbox 388 2005 470 2100; x_wconf 87' lang='lat' dir='ltr'>jure</span> <span class='ocrx_word' id='word_1_123' title='bbox 485 2030 568 2076; x_wconf 92' lang='lat' dir='ltr'>cum</span> <span class='ocrx_word' id='word_1_124' title='bbox 581 2007 718 2077; x_wconf 84' lang='lat' dir='ltr'>caeteris</span> <span class='ocrx_word' id='word_1_125' title='bbox 735 2030 885 2096; x_wconf 73' lang='lat' dir='ltr'>censeo,</span> <span class='ocrx_word' id='word_1_126' title='bbox 899 2026 946 2077; x_wconf 90' lang='lat' dir='ltr'>ne</span> <span class='ocrx_word' id='word_1_127' title='bbox 968 2003 1194 2103; x_wconf 87' lang='lat' dir='ltr'>quandoque</span> 
     </span>
     <span class='ocr_line' id='line_1_17' title="bbox 126 2115 1124 2216; baseline -0.003 -32"><span class='ocrx_word' id='word_1_128' title='bbox 126 2142 142 2177; x_wconf 89' lang='grc'>«</span> <span class='ocrx_word' id='word_1_129' title='bbox 159 2137 293 2210; x_wconf 88' lang='lat' dir='ltr'>parvus</span> <span class='ocrx_word' id='word_1_130' title='bbox 310 2115 371 2186; x_wconf 89' lang='lat' dir='ltr'>hic</span> <span class='ocrx_word' id='word_1_131' title='bbox 391 2117 485 2214; x_wconf 84' lang='lat' dir='ltr'>ignis</span> <span class='ocrx_word' id='word_1_132' title='bbox 501 2116 710 2189; x_wconf 88' lang='lat' dir='ltr'>incendium</span> <span class='ocrx_word' id='word_1_133' title='bbox 729 2119 858 2216; x_wconf 86' lang='lat' dir='ltr'>ingens</span> <span class='ocrx_word' id='word_1_134' title='bbox 876 2119 1082 2189; x_wconf 85' lang='lat' dir='ltr'>exsuscitet.</span> <span class='ocrx_word' id='word_1_135' title='bbox 1106 2147 1124 2181; x_wconf 88' lang='lat'>»</span> 
     </span>
     <span class='ocr_line' id='line_1_18' title="bbox 174 2227 1195 2328; baseline 0.005 -35"><span class='ocrx_word' id='word_1_136' title='bbox 174 2228 235 2294; x_wconf 87' lang='lat' dir='ltr'>IV.</span> <span class='ocrx_word' id='word_1_137' title='bbox 252 2227 377 2314; x_wconf 85' lang='lat' dir='ltr'>Pauci,</span> <span class='ocrx_word' id='word_1_138' title='bbox 390 2252 431 2298; x_wconf 90' lang='lat' dir='ltr'>ac</span> <span class='ocrx_word' id='word_1_139' title='bbox 445 2227 558 2301; x_wconf 84' lang='lat' dir='ltr'>ferme</span> <span class='ocrx_word' id='word_1_140' title='bbox 576 2231 736 2328; x_wconf 87' lang='lat' dir='ltr'>optimus</span> <span class='ocrx_word' id='word_1_141' title='bbox 755 2231 929 2326; x_wconf 90' lang='lat' dir='ltr'>quisque,</span> <span class='ocrx_word' id='word_1_142' title='bbox 946 2229 1119 2298; x_wconf 90' lang='lat' dir='ltr'>Hannoni</span> <span class='ocrx_word' id='word_1_143' title='bbox 1135 2227 1195 2298; x_wconf 89' lang='lat' dir='ltr'>ad-</span> 
     </span>
     <span class='ocr_line' id='line_1_19' title="bbox 126 2333 1194 2437; baseline -0.001 -33"><span class='ocrx_word' id='word_1_144' title='bbox 126 2333 396 2407; x_wconf 83' lang='lat' dir='ltr'>sentiebantur:</span> <span class='ocrx_word' id='word_1_145' title='bbox 414 2337 496 2427; x_wconf 90' lang='lat' dir='ltr'>sed,</span> <span class='ocrx_word' id='word_1_146' title='bbox 511 2354 554 2409; x_wconf 87' lang='lat' dir='ltr'>ut</span> <span class='ocrx_word' id='word_1_147' title='bbox 572 2339 789 2437; x_wconf 90' lang='lat' dir='ltr'>plerumque</span> <span class='ocrx_word' id='word_1_148' title='bbox 804 2336 863 2427; x_wconf 88' lang='lat' dir='ltr'>fit,</span> <span class='ocrx_word' id='word_1_149' title='bbox 882 2336 997 2430; x_wconf 89' lang='lat' dir='ltr'>major</span> <span class='ocrx_word' id='word_1_150' title='bbox 1015 2358 1099 2432; x_wconf 88' lang='lat' dir='ltr'>pars</span> <span class='ocrx_word' id='word_1_151' title='bbox 1117 2358 1194 2404; x_wconf 91' lang='lat' dir='ltr'>me·</span> 
     </span>
    </p>
   </div>
   <div class='ocr_carea' id='block_1_2' title="bbox 122 2443 1195 2879">
    <p class='ocr_par' dir='ltr' id='par_1_2' title="bbox 122 2443 1195 2879">
     <span class='ocr_line' id='line_1_20' title="bbox 124 2443 1194 2547; baseline 0.002 -35"><span class='ocrx_word' id='word_1_152' title='bbox 124 2443 353 2518; x_wconf 90' lang='lat' dir='ltr'>lioremvicit.</span> <span class='ocrx_word' id='word_1_153' title='bbox 363 2448 937 2547; x_wconf 88' lang='lat' dir='ltr'>MissusHannibalinHispaniam</span> <span class='ocrx_word' id='word_1_154' title='bbox 945 2446 1064 2544; x_wconf 91' lang='lat' dir='ltr'>primo</span> <span class='ocrx_word' id='word_1_155' title='bbox 1074 2445 1194 2515; x_wconf 89' lang='lat' dir='ltr'>statim</span> 
     </span>
     <span class='ocr_line' id='line_1_21' title="bbox 124 2553 1195 2632; baseline 0 -9"><span class='ocrx_word' id='word_1_156' title='bbox 124 2553 284 2627; x_wconf 89' lang='lat' dir='ltr'>adventu</span> <span class='ocrx_word' id='word_1_157' title='bbox 292 2583 439 2631; x_wconf 89' lang='lat' dir='ltr'>omnem</span> <span class='ocrx_word' id='word_1_158' title='bbox 452 2561 650 2632; x_wconf 85' lang='lat' dir='ltr'>exercitum</span> <span class='ocrx_word' id='word_1_159' title='bbox 659 2562 699 2629; x_wconf 87' lang='lat' dir='ltr'>in</span> <span class='ocrx_word' id='word_1_160' title='bbox 710 2584 747 2631; x_wconf 89' lang='lat' dir='ltr'>se</span> <span class='ocrx_word' id='word_1_161' title='bbox 758 2559 946 2630; x_wconf 88' lang='lat' dir='ltr'>convertit.</span> <span class='ocrx_word' id='word_1_162' title='bbox 955 2555 1195 2626; x_wconf 87' lang='lat' dir='ltr'>Hamilcarem</span> 
     </span>
     <span class='ocr_line' id='line_1_22' title="bbox 122 2665 1194 2758; baseline 0 -23"><span class='ocrx_word' id='word_1_163' title='bbox 122 2665 312 2758; x_wconf 85' lang='lat' dir='ltr'>juvenem¹</span> <span class='ocrx_word' id='word_1_164' title='bbox 330 2670 513 2741; x_wconf 86' lang='lat' dir='ltr'>redditum</span> <span class='ocrx_word' id='word_1_165' title='bbox 531 2669 600 2742; x_wconf 90' lang='lat' dir='ltr'>sibi</span> <span class='ocrx_word' id='word_1_166' title='bbox 612 2683 752 2743; x_wconf 90' lang='lat' dir='ltr'>veteres</span> <span class='ocrx_word' id='word_1_167' title='bbox 766 2670 898 2740; x_wconf 84' lang='lat' dir='ltr'>milites</span> <span class='ocrx_word' id='word_1_168' title='bbox 910 2666 1074 2755; x_wconf 80' lang='lat' dir='ltr'>credere3</span> <span class='ocrx_word' id='word_1_169' title='bbox 1094 2691 1194 2738; x_wconf 89' lang='lat' dir='ltr'>eum·</span> 
     </span>
     <span class='ocr_line' id='line_1_23' title="bbox 124 2773 1194 2879; baseline 0.001 -34"><span class='ocrx_word' id='word_1_170' title='bbox 124 2773 206 2847; x_wconf 88' lang='lat' dir='ltr'>dem</span> <span class='ocrx_word' id='word_1_171' title='bbox 224 2779 386 2876; x_wconf 84' lang='lat' dir='ltr'>vigorem</span> <span class='ocrx_word' id='word_1_172' title='bbox 398 2782 436 2851; x_wconf 94' lang='lat' dir='ltr'>in</span> <span class='ocrx_word' id='word_1_173' title='bbox 447 2782 567 2870; x_wconf 90' lang='lat' dir='ltr'>vultu,</span> <span class='ocrx_word' id='word_1_174' title='bbox 581 2784 729 2879; x_wconf 86' lang='lat' dir='ltr'>vimque</span> <span class='ocrx_word' id='word_1_175' title='bbox 743 2781 783 2851; x_wconf 90' lang='lat' dir='ltr'>in</span> <span class='ocrx_word' id='word_1_176' title='bbox 795 2780 925 2867; x_wconf 89' lang='lat' dir='ltr'>oculis,</span> <span class='ocrx_word' id='word_1_177' title='bbox 941 2776 1194 2865; x_wconf 79' lang='lat' dir='ltr'>habitumoris</span> 
     </span>
    </p>
   </div>
   <div class='ocr_carea' id='block_1_3' title="bbox 120 2976 1194 4162">
    <p class='ocr_par' dir='ltr' id='par_1_3' title="bbox 120 2976 1194 4162">
     <span class='ocr_line' id='line_1_24' title="bbox 122 2976 1193 3046; baseline -0.004 -13"><span class='ocrx_word' id='word_1_178' title='bbox 122 2987 232 3045; x_wconf 89' lang='lat' dir='ltr'>monuit,</span> <span class='ocrx_word' id='word_1_179' title='bbox 246 2989 358 3037; x_wconf 87' lang='lat' dir='ltr'>nondum</span> <span class='ocrx_word' id='word_1_180' title='bbox 370 2991 497 3037; x_wconf 85' lang='lat' dir='ltr'>succedere</span> <span class='ocrx_word' id='word_1_181' title='bbox 509 2976 635 3037; x_wconf 83' lang='lat' dir='ltr'>Hanniba·</span> <span class='ocrx_word' id='word_1_182' title='bbox 680 2989 728 3046; x_wconf 77' lang='lat' dir='ltr'>iet,</span> <span class='ocrx_word' id='word_1_183' title='bbox 746 2986 1040 3043; x_wconf 64' lang='lat' dir='ltr'>consumunmt,</span> <span class='ocrx_word' id='word_1_184' title='bbox 1055 2999 1106 3042; x_wconf 85' lang='lat' dir='ltr'>aa,</span> <span class='ocrx_word' id='word_1_185' title='bbox 1125 2998 1151 3030; x_wconf 87' lang='lat' dir='ltr'>n.</span> <span class='ocrx_word' id='word_1_186' title='bbox 1169 2984 1193 3030; x_wconf 79' lang='lat'>3.</span> 
     </span>
     <span class='ocr_line' id='line_1_25' title="bbox 122 3063 1192 3133; baseline -0.007 -21"><span class='ocrx_word' id='word_1_187' title='bbox 122 3065 171 3112; x_wconf 89' lang='lat' dir='ltr'>lem</span> <span class='ocrx_word' id='word_1_188' title='bbox 180 3066 245 3130; x_wconf 86' lang='lat' dir='ltr'>patri</span> <span class='ocrx_word' id='word_1_189' title='bbox 255 3067 379 3127; x_wconf 82' lang='lat' dir='ltr'>debuisse,</span> <span class='ocrx_word' id='word_1_190' title='bbox 391 3069 435 3116; x_wconf 85' lang='lat' dir='ltr'>sed</span> <span class='ocrx_word' id='word_1_191' title='bbox 447 3081 636 3133; x_wconf 79' lang='lat' dir='ltr'>crescerentque</span> <span class='ocrx_word' id='word_1_192' title='bbox 717 3068 742 3115; x_wconf 82' lang='lat'>5.</span> <span class='ocrx_word' id='word_1_193' title='bbox 758 3065 916 3131; x_wconf 80' lang='lat' dir='ltr'>Assaejacere</span> <span class='ocrx_word' id='word_1_194' title='bbox 929 3063 1025 3114; x_wconf 80' lang='lat' dir='ltr'>libidini</span> <span class='ocrx_word' id='word_1_195' title='bbox 1035 3073 1192 3126; x_wconf 78' lang='lat' dir='ltr'>pratorum,</span> 
     </span>
     <span class='ocr_line' id='line_1_26' title="bbox 122 3143 1188 3215; baseline -0.007 -22"><span class='ocrx_word' id='word_1_196' title='bbox 122 3145 575 3213; x_wconf 81' lang='lat' dir='ltr'>educariinspempaternaepotentiae,</span> <span class='ocrx_word' id='word_1_197' title='bbox 585 3164 637 3195; x_wconf 90' lang='lat' dir='ltr'>non</span> <span class='ocrx_word' id='word_1_198' title='bbox 681 3153 730 3198; x_wconf 75' lang='grc' dir='ltr'>τῶν</span> <span class='ocrx_word' id='word_1_199' title='bbox 742 3143 999 3215; x_wconf 69' lang='grc' dir='ltr'>στρατηγῶνςνίά.ιᾱ</span> <span class='ocrx_word' id='word_1_200' title='bbox 1005 3143 1055 3200; x_wconf 84' lang='lat' dir='ltr'>VI,</span> <span class='ocrx_word' id='word_1_201' title='bbox 1067 3148 1113 3200; x_wconf 67' lang='lat' dir='ltr'>Aa,</span> <span class='ocrx_word' id='word_1_202' title='bbox 1126 3156 1152 3187; x_wconf 89' lang='lat' dir='ltr'>n.</span> <span class='ocrx_word' id='word_1_203' title='bbox 1163 3155 1188 3200; x_wconf 84' lang='lat'>7.</span> 
     </span>
     <span class='ocr_line' id='line_1_27' title="bbox 121 3218 1189 3291; baseline -0.006 -19"><span class='ocrx_word' id='word_1_204' title='bbox 121 3226 251 3287; x_wconf 83' lang='lat' dir='ltr'>potestatis</span> <span class='ocrx_word' id='word_1_205' title='bbox 266 3237 290 3273; x_wconf 88' lang='lat' dir='ltr'>ct</span> <span class='ocrx_word' id='word_1_206' title='bbox 304 3228 424 3287; x_wconf 86' lang='lat' dir='ltr'>muneris,</span> <span class='ocrx_word' id='word_1_207' title='bbox 441 3228 486 3275; x_wconf 85' lang='lat' dir='ltr'>sed</span> <span class='ocrx_word' id='word_1_208' title='bbox 503 3244 576 3291; x_wconf 85' lang='lat' dir='ltr'>opum</span> <span class='ocrx_word' id='word_1_209' title='bbox 591 3242 634 3273; x_wconf 85' lang='lat' dir='ltr'>au·</span> <span class='ocrx_word' id='word_1_210' title='bbox 713 3225 738 3272; x_wconf 88' lang='lat'>6.</span> <span class='ocrx_word' id='word_1_211' title='bbox 751 3224 859 3289; x_wconf 85' lang='lat' dir='ltr'>Imperia</span> <span class='ocrx_word' id='word_1_212' title='bbox 870 3222 1016 3289; x_wconf 71' lang='lat' dir='ltr'>immodica,</span> <span class='ocrx_word' id='word_1_213' title='bbox 1029 3219 1110 3284; x_wconf 82' lang='lat' dir='ltr'>qualia</span> <span class='ocrx_word' id='word_1_214' title='bbox 1120 3218 1189 3266; x_wconf 86' lang='lat' dir='ltr'>fuere</span> 
     </span>
     <span class='ocr_line' id='line_1_28' title="bbox 122 3295 1192 3370; baseline -0.006 -20"><span class='ocrx_word' id='word_1_215' title='bbox 122 3306 298 3370; x_wconf 82' lang='lat' dir='ltr'>ctoritatisque.</span> <span class='ocrx_word' id='word_1_216' title='bbox 310 3306 430 3370; x_wconf 68' lang='lat' dir='ltr'>Cfisupra</span> <span class='ocrx_word' id='word_1_217' title='bbox 438 3306 517 3366; x_wconf 68' lang='lat' dir='ltr'>adu,</span> <span class='ocrx_word' id='word_1_218' title='bbox 529 3306 601 3364; x_wconf 79' lang='lat' dir='ltr'>13,n.</span> <span class='ocrx_word' id='word_1_219' title='bbox 608 3307 633 3354; x_wconf 88' lang='grc'>6.</span> <span class='ocrx_word' id='word_1_220' title='bbox 677 3303 822 3351; x_wconf 81' lang='lat' dir='ltr'>Hamilcaris</span> <span class='ocrx_word' id='word_1_221' title='bbox 835 3313 860 3350; x_wconf 86' lang='lat' dir='ltr'>et</span> <span class='ocrx_word' id='word_1_222' title='bbox 874 3299 1033 3350; x_wconf 82' lang='lat' dir='ltr'>Hasdrubalis</span> <span class='ocrx_word' id='word_1_223' title='bbox 1048 3295 1087 3363; x_wconf 88' lang='lat' dir='ltr'>(v.</span> <span class='ocrx_word' id='word_1_224' title='bbox 1101 3296 1192 3362; x_wconf 81' lang='lat' dir='ltr'>Polyb.</span> 
     </span>
     <span class='ocr_line' id='line_1_29' title="bbox 158 3375 1194 3449; baseline -0.01 -18"><span class='ocrx_word' id='word_1_225' title='bbox 158 3391 183 3438; x_wconf 76' lang='grc'>4.</span> <span class='ocrx_word' id='word_1_226' title='bbox 197 3386 232 3432; x_wconf 80' lang='lat' dir='ltr'>Ee</span> <span class='ocrx_word' id='word_1_227' title='bbox 241 3401 340 3449; x_wconf 85' lang='lat' dir='ltr'>aequum</span> <span class='ocrx_word' id='word_1_228' title='bbox 347 3385 476 3448; x_wconf 83' lang='lat' dir='ltr'>postulare</span> <span class='ocrx_word' id='word_1_229' title='bbox 489 3383 590 3432; x_wconf 76' lang='lat' dir='ltr'>videtur</span> <span class='ocrx_word' id='word_1_230' title='bbox 598 3418 604 3430; x_wconf 93' lang='lat'><strong>.</strong></span> <span class='ocrx_word' id='word_1_231' title='bbox 613 3418 632 3429; x_wconf 90' lang='lat'>..</span> <span class='ocrx_word' id='word_1_232' title='bbox 677 3386 728 3443; x_wconf 93' lang='lat' dir='ltr'>III,</span> <span class='ocrx_word' id='word_1_233' title='bbox 743 3382 771 3447; x_wconf 89' lang='lat'>8)</span> <span class='ocrx_word' id='word_1_234' title='bbox 783 3382 811 3429; x_wconf 86' lang='lat' dir='ltr'>in</span> <span class='ocrx_word' id='word_1_235' title='bbox 823 3381 950 3446; x_wconf 87' lang='lat' dir='ltr'>Hispania.</span> <span class='ocrx_word' id='word_1_236' title='bbox 962 3406 997 3415; x_wconf 91' lang='lat'>-</span> <span class='ocrx_word' id='word_1_237' title='bbox 1009 3375 1087 3441; x_wconf 74' lang='lat' dir='ltr'>Regni</span> <span class='ocrx_word' id='word_1_238' title='bbox 1091 3375 1194 3439; x_wconf 82' lang='lat' dir='ltr'>paterni</span> 
     </span>
     <span class='ocr_line' id='line_1_30' title="bbox 122 3453 1194 3526; baseline -0.005 -19"><span class='ocrx_word' id='word_1_239' title='bbox 122 3460 291 3521; x_wconf 66' lang='lat' dir='ltr'>tribuendum</span> <span class='ocrx_word' id='word_1_240' title='bbox 302 3480 355 3513; x_wconf 88' lang='lat' dir='ltr'>non</span> <span class='ocrx_word' id='word_1_241' title='bbox 365 3475 403 3511; x_wconf 87' lang='lat' dir='ltr'>est</span> <span class='ocrx_word' id='word_1_242' title='bbox 415 3463 547 3526; x_wconf 88' lang='lat' dir='ltr'>quodcum</span> <span class='ocrx_word' id='word_1_243' title='bbox 556 3465 633 3511; x_wconf 86' lang='lat' dir='ltr'>Doer.</span> <span class='ocrx_word' id='word_1_244' title='bbox 678 3461 793 3526; x_wconf 81' lang='lat' dir='ltr'>speciem,</span> <span class='ocrx_word' id='word_1_245' title='bbox 807 3472 834 3509; x_wconf 92' lang='lat' dir='ltr'>ut</span> <span class='ocrx_word' id='word_1_246' title='bbox 845 3459 915 3525; x_wconf 78' lang='lat' dir='ltr'>regni</span> <span class='ocrx_word' id='word_1_247' title='bbox 924 3473 1001 3524; x_wconf 80' lang='lat' dir='ltr'>genus</span> <span class='ocrx_word' id='word_1_248' title='bbox 1017 3467 1043 3503; x_wconf 84' lang='lat' dir='ltr'>et</span> <span class='ocrx_word' id='word_1_249' title='bbox 1055 3453 1194 3515; x_wconf 69' lang='lat' dir='ltr'>similitudi·⁴</span> 
     </span>
     <span class='ocr_line' id='line_1_31' title="bbox 120 3531 1194 3608; baseline -0.01 -17"><span class='ocrx_word' id='word_1_250' title='bbox 120 3548 150 3599; x_wconf 71' lang='grc' dir='ltr'>τὸ</span> <span class='ocrx_word' id='word_1_251' title='bbox 170 3555 195 3591; x_wconf 79' lang='lat' dir='ltr'>et</span> <span class='ocrx_word' id='word_1_252' title='bbox 211 3555 267 3592; x_wconf 84' lang='lat' dir='ltr'>ante</span> <span class='ocrx_word' id='word_1_253' title='bbox 285 3560 383 3608; x_wconf 76' lang='lat' dir='ltr'>aquam</span> <span class='ocrx_word' id='word_1_254' title='bbox 396 3558 443 3607; x_wconf 87' lang='lat' dir='ltr'>pro</span> <span class='ocrx_word' id='word_1_255' title='bbox 454 3541 567 3607; x_wconf 84' lang='lat' dir='ltr'>profecto</span> <span class='ocrx_word' id='word_1_256' title='bbox 575 3576 583 3598; x_wconf 89' lang='lat'>,</span> <span class='ocrx_word' id='word_1_257' title='bbox 603 3557 635 3588; x_wconf 88' lang='lat' dir='ltr'>ac</span> <span class='ocrx_word' id='word_1_258' title='bbox 679 3556 733 3587; x_wconf 87' lang='lat' dir='ltr'>nem</span> <span class='ocrx_word' id='word_1_259' title='bbox 745 3550 859 3604; x_wconf 80' lang='lat' dir='ltr'>appetere</span> <span class='ocrx_word' id='word_1_260' title='bbox 871 3549 895 3585; x_wconf 90' lang='lat' dir='ltr'>et</span> <span class='ocrx_word' id='word_1_261' title='bbox 905 3534 1085 3599; x_wconf 80' lang='lat' dir='ltr'>concupiscere,</span> <span class='ocrx_word' id='word_1_262' title='bbox 1097 3532 1150 3580; x_wconf 87' lang='lat' dir='ltr'>Cic.</span> <span class='ocrx_word' id='word_1_263' title='bbox 1162 3531 1194 3580; x_wconf 84' lang='lat' dir='ltr'>sd</span> 
     </span>
     <span class='ocr_line' id='line_1_32' title="bbox 121 3611 1193 3689; baseline -0.015 -16"><span class='ocrx_word' id='word_1_264' title='bbox 121 3641 182 3673; x_wconf 85' lang='lat' dir='ltr'>sane</span> <span class='ocrx_word' id='word_1_265' title='bbox 191 3623 284 3670; x_wconf 87' lang='lat' dir='ltr'>dictum</span> <span class='ocrx_word' id='word_1_266' title='bbox 291 3623 407 3687; x_wconf 80' lang='lat' dir='ltr'>accipias,</span> <span class='ocrx_word' id='word_1_267' title='bbox 420 3621 460 3670; x_wconf 88' lang='lat' dir='ltr'>vel</span> <span class='ocrx_word' id='word_1_268' title='bbox 468 3620 581 3669; x_wconf 88' lang='lat' dir='ltr'>emendes</span> <span class='ocrx_word' id='word_1_269' title='bbox 591 3620 637 3667; x_wconf 81' lang='lat' dir='ltr'>etsi</span> <span class='ocrx_word' id='word_1_270' title='bbox 678 3621 731 3668; x_wconf 80' lang='lat' dir='ltr'>Att.</span> <span class='ocrx_word' id='word_1_271' title='bbox 743 3620 820 3677; x_wconf 86' lang='lat' dir='ltr'>VIII,</span> <span class='ocrx_word' id='word_1_272' title='bbox 839 3633 880 3674; x_wconf 88' lang='lat'>11,</span> <span class='ocrx_word' id='word_1_273' title='bbox 895 3627 920 3663; x_wconf 88' lang='lat' dir='ltr'>et</span> <span class='ocrx_word' id='word_1_274' title='bbox 937 3617 990 3674; x_wconf 79' lang='lat' dir='ltr'>tx,</span> <span class='ocrx_word' id='word_1_275' title='bbox 1003 3628 1029 3689; x_wconf 71' lang='lat'>7,</span> <span class='ocrx_word' id='word_1_276' title='bbox 1049 3611 1127 3670; x_wconf 80' lang='lat' dir='ltr'>dixit3</span> <span class='ocrx_word' id='word_1_277' title='bbox 1144 3612 1193 3658; x_wconf 88' lang='lat' dir='ltr'>Str.</span> 
     </span>
     <span class='ocr_line' id='line_1_33' title="bbox 121 3689 1194 3769; baseline -0.017 -17"><span class='ocrx_word' id='word_1_278' title='bbox 121 3717 299 3769; x_wconf 78' lang='lat' dir='ltr'>aquam...ego</span> <span class='ocrx_word' id='word_1_279' title='bbox 309 3713 390 3749; x_wconf 84' lang='lat' dir='ltr'>tamen</span> <span class='ocrx_word' id='word_1_280' title='bbox 399 3701 439 3748; x_wconf 86' lang='lat' dir='ltr'>vel</span> <span class='ocrx_word' id='word_1_281' title='bbox 449 3712 478 3748; x_wconf 84' lang='lat' dir='ltr'>at</span> <span class='ocrx_word' id='word_1_282' title='bbox 486 3717 530 3766; x_wconf 79' lang='lat' dir='ltr'>ego</span> <span class='ocrx_word' id='word_1_283' title='bbox 544 3712 632 3747; x_wconf 84' lang='lat' dir='ltr'>tamen.</span> <span class='ocrx_word' id='word_1_284' title='bbox 680 3698 728 3746; x_wconf 85' lang='lat' dir='ltr'>Sed</span> <span class='ocrx_word' id='word_1_285' title='bbox 742 3697 831 3762; x_wconf 81' lang='lat' dir='ltr'>species</span> <span class='ocrx_word' id='word_1_286' title='bbox 847 3707 884 3744; x_wconf 89' lang='lat' dir='ltr'>est</span> <span class='ocrx_word' id='word_1_287' title='bbox 896 3694 980 3759; x_wconf 88' lang='lat' dir='ltr'>potius</span> <span class='ocrx_word' id='word_1_288' title='bbox 993 3689 1128 3756; x_wconf 78' lang='lat' dir='ltr'>splendor,</span> <span class='ocrx_word' id='word_1_289' title='bbox 1143 3704 1194 3736; x_wconf 86' lang='lat' dir='ltr'>ma-</span> 
     </span>
     <span class='ocr_line' id='line_1_34' title="bbox 120 3769 1193 3844; baseline -0.015 -15"><span class='ocrx_word' id='word_1_290' title='bbox 120 3786 164 3831; x_wconf 87' lang='lat' dir='ltr'>Est</span> <span class='ocrx_word' id='word_1_291' title='bbox 178 3797 258 3828; x_wconf 85' lang='lat' dir='ltr'>amara</span> <span class='ocrx_word' id='word_1_292' title='bbox 270 3791 295 3827; x_wconf 87' lang='lat' dir='ltr'>et</span> <span class='ocrx_word' id='word_1_293' title='bbox 307 3795 396 3844; x_wconf 83' lang='lat' dir='ltr'>anceps</span> <span class='ocrx_word' id='word_1_294' title='bbox 412 3779 545 3835; x_wconf 83' lang='lat' dir='ltr'>sententia,</span> <span class='ocrx_word' id='word_1_295' title='bbox 561 3795 634 3842; x_wconf 87' lang='lat' dir='ltr'>quam</span> <span class='ocrx_word' id='word_1_296' title='bbox 675 3778 757 3838; x_wconf 84' lang='lat' dir='ltr'>jestas.</span> <span class='ocrx_word' id='word_1_297' title='bbox 764 3776 841 3841; x_wconf 78' lang='lat' dir='ltr'>Regni</span> <span class='ocrx_word' id='word_1_298' title='bbox 849 3787 874 3823; x_wconf 89' lang='lat' dir='ltr'>et</span> <span class='ocrx_word' id='word_1_299' title='bbox 882 3789 941 3821; x_wconf 90' lang='lat' dir='ltr'>mox</span> <span class='ocrx_word' id='word_1_300' title='bbox 947 3771 1009 3837; x_wconf 76' lang='lat' dir='ltr'>regis</span> <span class='ocrx_word' id='word_1_301' title='bbox 1015 3769 1139 3817; x_wconf 78' lang='lat' dir='ltr'>invidiose</span> <span class='ocrx_word' id='word_1_302' title='bbox 1145 3783 1193 3832; x_wconf 90' lang='lat' dir='ltr'>pro</span> 
     </span>
     <span class='ocr_line' id='line_1_35' title="bbox 121 3847 1194 3925; baseline -0.012 -15"><span class='ocrx_word' id='word_1_303' title='bbox 121 3865 213 3910; x_wconf 87' lang='lat' dir='ltr'>Hanno</span> <span class='ocrx_word' id='word_1_304' title='bbox 231 3876 291 3906; x_wconf 81' lang='lat' dir='ltr'>mox</span> <span class='ocrx_word' id='word_1_305' title='bbox 306 3859 412 3923; x_wconf 83' lang='lat' dir='ltr'>explicat</span> <span class='ocrx_word' id='word_1_306' title='bbox 430 3859 512 3906; x_wconf 89' lang='lat' dir='ltr'>verbis</span> <span class='ocrx_word' id='word_1_307' title='bbox 527 3857 633 3925; x_wconf 78' lang='lat' dir='ltr'>:florem</span> <span class='ocrx_word' id='word_1_308' title='bbox 677 3856 781 3920; x_wconf 87' lang='lat' dir='ltr'>imperio</span> <span class='ocrx_word' id='word_1_309' title='bbox 800 3867 824 3903; x_wconf 88' lang='lat' dir='ltr'>et</span> <span class='ocrx_word' id='word_1_310' title='bbox 842 3854 919 3910; x_wconf 89' lang='lat' dir='ltr'>duce,</span> <span class='ocrx_word' id='word_1_311' title='bbox 938 3850 1006 3915; x_wconf 90' lang='lat' dir='ltr'>quod</span> <span class='ocrx_word' id='word_1_312' title='bbox 1023 3850 1074 3910; x_wconf 85' lang='lat' dir='ltr'>jam</span> <span class='ocrx_word' id='word_1_313' title='bbox 1095 3847 1194 3897; x_wconf 75' lang='lat' dir='ltr'>monuit</span> 
     </span>
     <span class='ocr_line' id='line_1_36' title="bbox 120 3932 1062 4002; baseline -0.016 -13"><span class='ocrx_word' id='word_1_314' title='bbox 120 3940 226 3989; x_wconf 71' lang='lat' dir='ltr'>aetatis..</span> <span class='ocrx_word' id='word_1_315' title='bbox 235 3949 385 4002; x_wconf 83' lang='lat' dir='ltr'>.prcrtorum.</span> <span class='ocrx_word' id='word_1_316' title='bbox 395 3940 487 3987; x_wconf 81' lang='lat' dir='ltr'>Confer</span> <span class='ocrx_word' id='word_1_317' title='bbox 495 3937 527 3984; x_wconf 88' lang='lat' dir='ltr'>ad</span> <span class='ocrx_word' id='word_1_318' title='bbox 535 3954 589 4001; x_wconf 86' lang='lat' dir='ltr'>cap.</span> <span class='ocrx_word' id='word_1_319' title='bbox 601 3954 631 3994; x_wconf 84' lang='lat' dir='ltr'>a,</span> <span class='ocrx_word' id='word_1_320' title='bbox 676 3938 752 3985; x_wconf 87' lang='lat' dir='ltr'>Doer.</span> <span class='ocrx_word' id='word_1_321' title='bbox 764 3934 887 3998; x_wconf 86' lang='lat' dir='ltr'>Specimen</span> <span class='ocrx_word' id='word_1_322' title='bbox 898 3932 966 3992; x_wconf 84' lang='lat' dir='ltr'>conj.</span> <span class='ocrx_word' id='word_1_323' title='bbox 975 3932 1062 3977; x_wconf 76' lang='lat' dir='ltr'>bauer.</span> 
     </span>
     <span class='ocr_line' id='line_1_37' title="bbox 120 4007 1191 4083; baseline -0.015 -17"><span class='ocrx_word' id='word_1_324' title='bbox 120 4037 146 4066; x_wconf 89' lang='lat' dir='ltr'>n.</span> <span class='ocrx_word' id='word_1_325' title='bbox 155 4021 179 4066; x_wconf 81' lang='lat'>3.</span> <span class='ocrx_word' id='word_1_326' title='bbox 186 4015 417 4082; x_wconf 80' lang='lat' dir='ltr'>-Justojureeum</span> <span class='ocrx_word' id='word_1_327' title='bbox 425 4015 632 4083; x_wconf 82' lang='lat' dir='ltr'>(scilicetflorem;</span> <span class='ocrx_word' id='word_1_328' title='bbox 712 4018 774 4064; x_wconf 80' lang='lat' dir='ltr'>Car.</span> <span class='ocrx_word' id='word_1_329' title='bbox 788 4015 833 4062; x_wconf 85' lang='lat' dir='ltr'>lv.</span> <span class='ocrx_word' id='word_1_330' title='bbox 848 4029 869 4060; x_wconf 89' lang='lat'>1.</span> <span class='ocrx_word' id='word_1_331' title='bbox 884 4011 1050 4059; x_wconf 85' lang='lat' dir='ltr'>Hamilcarem</span> <span class='ocrx_word' id='word_1_332' title='bbox 1055 4007 1170 4072; x_wconf 77' lang='lat' dir='ltr'>juvenem</span> <span class='ocrx_word' id='word_1_333' title='bbox 1180 4023 1191 4060; x_wconf 80' lang='lat'>,-</span> 
     </span>
     <span class='ocr_line' id='line_1_38' title="bbox 121 4085 1193 4162; baseline -0.015 -17"><span class='ocrx_word' id='word_1_334' title='bbox 121 4098 178 4145; x_wconf 88' lang='lat' dir='ltr'>vide</span> <span class='ocrx_word' id='word_1_335' title='bbox 188 4097 219 4145; x_wconf 85' lang='lat' dir='ltr'>ad</span> <span class='ocrx_word' id='word_1_336' title='bbox 230 4101 256 4156; x_wconf 95' lang='lat' dir='ltr'>I,</span> <span class='ocrx_word' id='word_1_337' title='bbox 270 4111 316 4158; x_wconf 85' lang='lat'>19,</span> <span class='ocrx_word' id='word_1_338' title='bbox 328 4113 353 4144; x_wconf 90' lang='lat' dir='ltr'>n.</span> <span class='ocrx_word' id='word_1_339' title='bbox 367 4096 395 4162; x_wconf 93' lang='lat'>1)</span> <span class='ocrx_word' id='word_1_340' title='bbox 406 4113 423 4142; x_wconf 89' lang='lat' dir='ltr'>a</span> <span class='ocrx_word' id='word_1_341' title='bbox 425 4096 483 4162; x_wconf 84' lang='lat' dir='ltr'>filio</span> <span class='ocrx_word' id='word_1_342' title='bbox 495 4094 570 4160; x_wconf 81' lang='lat' dir='ltr'>repeti</span> <span class='ocrx_word' id='word_1_343' title='bbox 580 4112 632 4141; x_wconf 83' lang='lat' dir='ltr'>cen·</span> <span class='ocrx_word' id='word_1_344' title='bbox 677 4095 706 4141; x_wconf 90' lang='lat' dir='ltr'>al.</span> <span class='ocrx_word' id='word_1_345' title='bbox 720 4091 885 4141; x_wconf 81' lang='lat' dir='ltr'>Hamilcarem</span> <span class='ocrx_word' id='word_1_346' title='bbox 900 4090 1018 4138; x_wconf 79' lang='lat' dir='ltr'>viventem</span> <span class='ocrx_word' id='word_1_347' title='bbox 1028 4105 1037 4134; x_wconf 89' lang='lat'>.·</span> <span class='ocrx_word' id='word_1_348' title='bbox 1047 4085 1193 4133; x_wconf 77' lang='lat' dir='ltr'>sedvetems</span> 
     </span>
    </p>
   </div>
   <div class='ocr_carea' id='block_1_4' title="bbox 0 0 1320 4808">
    <p class='ocr_par' dir='ltr' id='par_1_4' title="bbox 0 0 1320 4808">
     <span class='ocr_line' id='line_1_39' title="bbox 0 0 1320 4808; baseline 0 1"><span class='ocrx_word' id='word_1_349' title='bbox 0 0 1320 4808; x_wconf 95' lang='lat' dir='ltr'> </span> 
     </span>
    </p>
   </div>
  </div>
 </body>
</html>
