2632 4808
80 278 135 415 zfgj
150 313 198 418 3323
220 331 314 398 aru.
336 330 440 398 xxi.
464 331 569 398 car.
594 330 743 398 xxur.
768 331 909 400 xxiv.
930 334 1046 401 xxv.
1070 334 1114 428 47

59 453 124 525 litia
143 464 306 523 senserat
318 460 346 536 ²,
363 455 584 548 Carpetanos
598 475 750 547 quoque
770 448 816 520 ab
836 474 874 521 se
890 451 1056 525 dimissos
1069 456 1116 524 si·
1190 472 1193 476 ’

59 561 204 632 mulans.

98 674 229 741 XXIV.
251 669 359 754 Inde,
381 694 428 741 ne
450 694 551 741 mora
567 685 677 768 atque
696 672 812 742 otium
832 673 972 742 animos
990 674 1119 744 sollici·

61 794 171 852 tacut
183 791 209 868 ¹,
225 804 307 852 cum
325 780 474 877 reliquis
490 782 603 878 copiis
621 786 831 876 Pyrenaeum
846 783 1117 878 transgreditur,

58 905 89 962 et
100 889 148 960 ad
167 890 345 989 oppidum
361 889 522 960 Illiberi²
536 904 650 961 castra
669 889 774 961 locat.
798 891 892 963 Galli
910 914 1117 988 quanquam

9 1028 12 1065 e
57 999 165 1071 ltaliae
182 999 322 1072 bellum
335 998 461 1072 inferri
483 999 698 1089 audiebant,
717 1017 857 1088 tamen,
877 1003 963 1099 quia
980 1004 1016 1072 vi
1036 999 1118 1073 sub·

57 1124 152 1183 actos
174 1126 276 1183 trans
290 1116 499 1206 Pyrenaeum
516 1112 694 1208 Hispanos
713 1110 807 1182 fama
823 1127 917 1200 erat,
936 1111 1119 1210 praesidia·

56 1240 123 1314 que
137 1218 259 1290 valida
272 1219 457 1317 imposita,
470 1235 571 1290 metu
585 1222 767 1292 servitutis
783 1222 829 1292 ad
848 1247 947 1293 arma
963 1237 1120 1294 conster-

56 1330 128 1398 nati
139 1325 169 1417 ³,
188 1330 433 1401 Ruscinonem
452 1330 591 1427 aliquot
612 1331 740 1428 populi
758 1333 991 1402 conveniunt.
1010 1331 1120 1423 Quod

56 1437 119 1508 ubi
143 1438 340 1511 Hannibali
364 1441 572 1511 nuntiatum
596 1454 669 1528 est,
694 1465 834 1512 moram
856 1443 985 1538 magis,
1012 1466 1120 1538 quam

55 1547 217 1636 bellum,-
233 1564 416 1638 metuens,
445 1566 607 1622 oratores
630 1551 675 1621 ad
697 1553 842 1648 regulos
861 1576 988 1623 eorum
1005 1555 1121 1641 misit,

57 1657 220 1756 colloqui
235 1676 347 1730 semet
373 1667 483 1758 z'psam
506 1659 601 1730 velle
622 1686 703 1732 cum
724 1661 805 1744 b1s3
826 1676 862 1731 et
880 1661 944 1731 vel
962 1660 1017 1731 illi
1030 1687 1119 1759 pro·

50 1774 136 1864 pius
155 1768 298 1840 Illiberi
319 1770 544 1854 accederent,
570 1769 634 1840 vel
654 1797 690 1841 se
713 1775 957 1842 Ruscinonem
970 1796 1121 1870 proces·

55 1903 181 1948 sarum
193 1932 204 1966 ,
231 1895 271 1950 at
293 1904 342 1950 esc
360 1885 574 1976 propinquo
601 1904 806 1977 congressas
819 1879 975 1971 facilior
999 1898 1089 1953 esset
1109 1910 1120 1952 .·
1228 1928 1230 1932 »

57 2013 142 2058 nam
162 2005 199 2058 et
218 2004 449 2086 accepturum
474 2014 535 2059 eos
554 1995 592 2060 in
607 2008 726 2062 castra
745 2016 866 2062 suase
884 1990 1030 2080 laetum,
1058 2018 1122 2063 nec

58 2114 270 2170 cunctanter
280 2125 317 2170 se
332 2104 447 2196 t‘frsum
466 2101 590 2170 adeas
608 2117 810 2170 venturam.
823 2107 1010 2198 Hospitem
1028 2109 1122 2174 enim

58 2233 96 2280 se
116 2208 274 2295 Gallice,
301 2233 375 2278 non
400 2207 560 2295 hostem,
588 2208 773 2280 advenisse
797 2237 807 2278 :
829 2235 894 2280 nec
922 2216 1123 2282 stricturum

59 2335 147 2390 ante
161 2317 351 2416 gladium,
374 2323 489 2415 siper
502 2318 628 2390 Gallos
644 2317 770 2405 liceat,
792 2343 906 2415 qaam
926 2324 963 2388 in
977 2318 1123 2390 Italiam

59 2436 224 2501 venisset.
245 2434 290 2499 Et
310 2454 376 2526 per
398 2431 548 2501 nuntios
567 2429 714 2527 quidem
733 2429 809 2500 haec
825 2456 832 2500 :
848 2444 890 2500 ut
906 2453 993 2500 vero
1009 2429 1124 2527 reguli
1142 2491 1145 2498 .

63 2540 272 2628 Gallorum,
294 2542 416 2612 castris
430 2540 475 2610 ad
491 2539 664 2611 Illiberim
683 2539 866 2638 extemplo
884 2541 1012 2627 motis,
1027 2538 1125 2610 haud

62 2664 209 2748 gravate
223 2651 268 2721 ad
285 2656 438 2721 Poenum
456 2667 659 2741 veneruut3
679 2655 774 2750 capti
787 2653 910 2741 donis,
929 2678 1013 2726 cum
1027 2652 1125 2724 bona

62 2783 152 2858 pace
166 2761 364 2832 exercitum
379 2787 445 2860 per
456 2760 548 2833 fines
560 2788 645 2834 suos
659 2778 790 2861 praeter
802 2766 1048 2838 Ruscinonem
1063 2788 1125 2862 op·

64 2867 193 2966 pidum
210 2873 497 2943 transmiserunt.

111 2983 222 3049 XXV.
240 2984 284 3050 In
296 2981 435 3051 Italiam
453 2983 597 3053 iuterim
617 2981 708 3052 nihil
722 2982 835 3070 ultra,
854 3006 962 3079 quam
978 2982 1125 3054 Iberum

65 3090 234 3169 transisse
245 3090 501 3181 Hannibalem,
514 3092 821 3164 aMassiliensium
835 3091 960 3190 legatis
974 3098 1126 3164 Romam

101 3312 131 3366 ι.
142 3297 207 3358 Quos
218 3308 243 3344 ct
254 3297 304 3360 ipse
311 3297 413 3362 gravari
423 3296 511 3344 militia
523 3311 576 3343 sen-
621 3303 645 3340 et
666 3303 754 3339 neutro
776 3306 863 3355 genere
882 3290 990 3355 Illiturgi
1008 3289 1129 3356 (xxm,

66 3387 134 3422 serat
141 3411 149 3433 ,
161 3376 214 3424 imo
225 3377 289 3441 qam
301 3393 328 3442 g.
338 3375 450 3423 militiam
464 3393 483 3423 s.
497 3379 576 3424 Gran.
622 3370 675 3437 49),
681 3371 776 3418 Intibili
784 3369 880 3436 (thia),
891 3370 992 3426 Illiberi,
1004 3370 1077 3417 Illici.
1091 3371 1129 3419 cf.

67 3482 102 3491 -
115 3455 282 3520 Carpetana„
293 3455 390 3503 vidend
403 3472 456 3520 cap.
471 3456 502 3514 5,
513 3471 538 3501 ιι.
551 3470 576 3514 7.
621 3451 696 3499 Drak.
712 3450 808 3498 Illiberi
825 3450 885 3497 Mel.
904 3452 947 3507 ΙΙ,
969 3449 993 3497 5.
1009 3449 1128 3507 illiberri,

103 3534 165 3582 Car.
174 3537 271 3584 mv.
283 3550 305 3582 1.
312 3534 415 3582 Animos
420 3533 579 3582 sollicitarent
623 3533 688 3582 Ptol.
711 3519 811 3598 Ῑλίΰιρις
821 3529 899 3578 Strab.
910 3518 1039 3599 Ῐλυὸίῤῥις,
1055 3546 1070 3576 a
1080 3544 1131 3577 ma·

69 3611 101 3661 ad
112 3612 272 3674 sedifionem3
284 3615 359 3661 Doer.
624 3623 662 3660 tre
674 3609 828 3661 Constantini
835 3611 871 3657 Μ.
887 3609 981 3656 dictum
993 3610 1096 3666 Helena,
1107 3621 1132 3657 ct

105 3708 132 3738 a.
145 3693 190 3740 Aa
200 3693 315 3756 oppidum
330 3691 437 3748 Illiberi,·
447 3691 481 3738 ita
493 3691 521 3737 in
534 3706 579 3754 op-
621 3690 680 3738 inde
691 3705 757 3736 nunc
766 3689 835 3736 Elne.
848 3688 919 3737 Couf.
933 3688 964 3735 ad
977 3705 998 3736 c.
1013 3690 1092 3745 alim.
1106 3690 1131 3737 6.

70 3772 136 3819 timis
142 3773 213 3831 tiss,
220 3772 264 3819 scd
272 3786 333 3819 mox
339 3770 376 3817 ad
379 3769 503 3818 Illiberim
514 3771 578 3818 Nam
659 3771 682 3818 3.
690 3769 735 3816 Aa
741 3784 811 3815 arma
818 3767 967 3814 consternati
972 3786 982 3825 ,·
992 3768 1048 3815 vide
1059 3767 1091 3815 ad
1100 3770 1134 3827 11,

70 3850 187 3907 Illiberis,
205 3863 234 3899 ut
245 3852 315 3916 plura
333 3850 458 3914 Hispaniae
470 3848 578 3913 oppida,
623 3856 669 3908 47,
683 3864 708 3895 n.
723 3848 746 3894 3.
760 3874 795 3883 -
808 3846 912 3893 Ruscino
924 3863 985 3913 opp.
997 3862 1049 3895 nou
1059 3847 1134 3912 longa

71 3946 97 3977 v.
105 3946 129 3978 c.
137 3931 265 3996 Illitargis,
278 3947 321 3979 seu
330 3928 452 3993 Iliturgin,
464 3928 575 3992 Oringis,
622 3927 790 3992 aPerpiniano
798 3925 957 3992 (Perpignan)
966 3927 1052 3988 situm,
1061 3943 1074 3974 a
1084 3943 1134 3991 quo

74 4009 197 4075 Anitorgis
202 4045 211 4068 ,
223 4010 342 4076 Meningis
348 4045 356 4068 ,
367 4021 392 4059 ct
401 4024 456 4073 quta
467 4007 542 4055 modo
552 4007 580 4054 in
625 4007 719 4055 dictum
727 4007 749 4054 lc
755 4018 942 4072 gouvcmcmcnt
949 4006 981 4054 de
992 4007 1136 4055 Roassillan.

73 4098 132 4136 nou
146 4104 174 4150 1,
189 4089 221 4137 ad
234 4105 287 4154 cap.
303 4090 354 4148 23,
368 4087 500 4137 memoravi
514 4101 521 4135 ε
537 4085 581 4134 aad
625 4086 717 4136 Confer
727 4085 760 4134 ad
770 4100 825 4150 cap.
835 4086 918 4146 ι6,ιι.
933 4085 957 4131 6.
