2662 4814
211 348 256 416 30
633 350 848 417 'it-nivii
1133 333 1261 442 llll:

207 498 224 531 «
239 493 306 538 nec
327 481 444 538 vestra
462 469 538 562 jam
558 481 620 537 aut
642 492 741 538 arma
763 493 848 553 vos,
873 482 935 538 aut
956 472 1091 541 moenia
1115 475 1200 543 satis
1221 477 1285 547 de-

208 577 413 665 «fendunt,
437 601 563 673 pacem
589 575 702 647 assero
729 578 775 648 ad
800 604 862 648 vos
887 581 1000 676 magis
1026 586 1285 674 necessariam,

207 719 223 753 «
239 712 348 785 quam
360 710 511 783 aequam.
525 688 638 781 Cujus
650 690 696 758 ita
708 689 827 784 aliqua
838 715 918 787 spes
929 705 999 775 est,
1013 692 1147 776 sicam,
1163 719 1286 790 quem-

209 828 225 862 «
240 797 438 868 admodum
458 811 498 866 ut
519 798 635 867 victor
659 795 729 868 fert
752 799 953 886 Hannibal,
976 803 1025 871 sic
1046 827 1111 872 vos
1132 819 1174 874 ut
1200 807 1285 876 victi

206 938 223 972 «
237 907 405 992 audiatis,
421 909 450 976 si
465 933 540 977 nou
555 907 609 995 id,
623 908 722 1004 quod
739 911 927 995 amittitur,
944 912 981 980 in
997 910 1131 981 damno
1149 913 1284 1010 (quum

205 1048 222 1082 «
236 1019 358 1088 omnia
372 1019 518 1088 victoris
532 1017 641 1112 sint),
662 1019 743 1106 sed,
761 1020 941 1117 quidquid
958 1021 1197 1119 relinquitur,
1217 1051 1284 1122 pro

206 1159 223 1193 «
236 1154 389 1199 munere
404 1128 564 1200 habituri
577 1132 672 1199 estis.
686 1131 823 1201 Urbem
839 1132 958 1219 vobis,
970 1157 1080 1229 quam
1095 1160 1139 1204 ex
1155 1161 1285 1232 magna

205 1241 308 1334 «jam
331 1255 432 1337 parte
457 1239 634 1326 dirutam,
659 1254 802 1338 captam
828 1240 903 1312 fere
929 1256 1043 1312 totam
1069 1243 1199 1333 habet,
1223 1245 1283 1316 ad-

207 1353 335 1433 «imit,
362 1374 466 1446 agros
490 1350 685 1446 relinquit,
709 1351 831 1420 locum
855 1354 1117 1449 assignaturus,
1143 1355 1182 1423 in
1208 1380 1284 1450 quo

206 1486 373 1531 «novum
408 1459 587 1557 oppidum
619 1459 829 1531 aedificetis:
858 1486 986 1531 aurum
1018 1479 1285 1560 argentumque

207 1599 366 1659 «omne,
386 1571 573 1668 publicum
594 1574 864 1677 privatumque,
883 1572 926 1642 ad
946 1597 983 1642 se
999 1572 1104 1666 jubet
1125 1573 1282 1644 deferri:

207 1715 223 1748 u
238 1685 438 1781 conjugum
449 1697 640 1778 vestraque
653 1706 805 1778 corpora
817 1707 857 1751 ac
868 1681 1068 1752 liberorum
1078 1698 1287 1754 vestrorum

207 1810 356 1865 «servat
379 1795 567 1876 inviolata,
585 1794 614 1863 si
637 1795 794 1863 inermes
818 1817 901 1862 cum
924 1790 1043 1863 binis³
1058 1794 1287 1865 vestimentis

207 1906 353 1976 «velitis
370 1904 415 1976 ab
437 1909 598 1999 Sagunto
620 1904 730 1974 exire.
756 1907 838 1971 Haec
856 1903 971 1972 victor
988 1902 1101 1973 hostis
1116 1903 1286 1999 imperat.

206 2024 336 2103 «Haec,
360 2037 570 2113 quanquam
593 2014 665 2083 sint
690 2014 810 2110 gravia
832 2029 941 2109 atque
961 2013 1111 2100 acerba,
1134 2012 1287 2086 fortuna

207 2143 355 2199 «vestra
374 2124 476 2196 vobis
495 2124 631 2194 suadet.
654 2123 833 2220 Equidem
853 2123 948 2193 haud
972 2123 1144 2221 despero,
1165 2151 1286 2221 quum

205 2240 402 2308 «omnium
422 2250 582 2332 potestas
605 2236 638 2305 ei
661 2233 776 2305 factal
792 2237 854 2322 sit,
875 2234 1011 2331 aliquid
1033 2261 1076 2306 ex
1096 2236 1151 2304 his
1169 2237 1287 2310 rebus

205 2351 480 2420 «remissurum.
516 2345 585 2417 Sed
612 2346 668 2415 vel
699 2344 776 2415 haec
802 2345 972 2442 patienda
993 2372 1132 2418 censeo
1159 2350 1287 2444 potius

204 2488 220 2522 «
235 2483 346 2555 quam
369 2455 540 2527 trucidari
564 2480 718 2552 corpora
737 2470 856 2524 vestra
866 2452 893 2539 ⁵,
913 2457 992 2553 rapi
1010 2457 1178 2553 trahique
1198 2474 1288 2531 ante

205 2601 221 2634 «
236 2594 300 2639 ora
317 2583 435 2637 vestra
450 2567 624 2660 conjuges
641 2590 681 2635 ac
697 2565 832 2636 liberos
846 2564 932 2635 belli
943 2568 1024 2661 jure
1039 2570 1202 2638 sinatis.»

253 2683 348 2748 XIV.
365 2676 421 2748 Ad
435 2677 511 2747 haic
527 2674 708 2744 audienda
724 2701 857 2772 quum,
877 2676 1094 2748 circumfusa
1108 2679 1286 2776 paulatim

203 2787 1286 2885 multitudine,permixtumsenatuiessetpopuliconcilium‚

204 2914 357 2998 repente
371 2901 566 2996 primores,
580 2900 781 2968 secessione
791 2896 883 2969 sacta
893 2901 1123 2997 (priusquam
1135 2927 1288 2999 respon-

205 3085 397 3145 documentum,
422 3095 450 3130 ut
474 3084 631 3131 crederentur
655 3083 719 3142 illae,
764 3083 864 3130 abeunti
876 3084 1016 3141 mandasse,
1030 3096 1057 3132 ut
1068 3101 1114 3148 pro
1126 3086 1232 3150 singulis
1241 3107 1286 3137 ve-

204 3166 306 3222 XXVI,
320 3171 353 3218 αἱ,
368 3179 405 3226 pr.
419 3190 454 3197 -
466 3163 506 3209 Sic
513 3178 558 3209 nos
569 3174 596 3208 ut
605 3162 668 3209 victi
677 3179 721 3208 au·
750 3149 885 3209 'sumentis
901 3163 960 3209 hina
978 3164 1091 3222 offerret,
1111 3167 1287 3229 suspicabatur

206 3245 295 3301 diatis;
309 3260 364 3291 cum
378 3244 457 3290 Gron.
470 3241 518 3304 leg.
533 3241 653 3288 audietis:
663 3258 719 3288 nam
764 3241 888 3288 Drakenb.

206 3335 230 3370 et
249 3340 309 3371 mox
331 3320 441 3369 habituri
457 3320 512 3366 estis
529 3320 559 3366 ab
579 3320 665 3367 eodem
682 3320 717 3377 si,
801 3329 824 3375 4.
846 3322 958 3368 Omnium
969 3334 1079 3385 potestas
1094 3323 1212 3387 eisacta,
1231 3343 1285 3376 om-

205 3404 311 3465 pendet;
325 3404 411 3449 Bauer.
765 3400 805 3445 nia
818 3402 840 3446 ei
852 3416 866 3445 a
881 3401 952 3448 vobis
966 3418 1095 3459 concessa,
1112 3405 1163 3463 ejus
1178 3407 1285 3457 arbitrio

240 3483 265 3529 3.
280 3485 387 3528 Inermes
401 3494 455 3524 cum
470 3477 531 3523 binis
545 3477 695 3525 vestimentis
711 3495 720 3524 :
764 3479 848 3526 relicta
857 3497 864 3537 ;
874 3481 948 3527 Doer.
962 3481 1053 3528 Confer
1062 3480 1136 3539 Vlll,
1152 3486 1182 3530 13
1191 3497 1254 3533 extr.
1266 3505 1285 3534 a

204 3560 247 3608 ned
259 3577 312 3624 cap.
329 3575 373 3618 123
389 3575 444 3604 cum
456 3556 556 3620 singulis
570 3557 720 3603 vestimentis
764 3558 835 3605 vobis
856 3571 912 3606 ante
924 3559 1000 3623 sacta
1016 3560 1127 3608 inserunt
1144 3564 1200 3610 edd.
1220 3577 1283 3613 antt.

205 3640 298 3687 dictum
313 3651 371 3687 erat.
389 3639 454 3685 Hinc
471 3636 537 3699 lips.
556 3635 651 3682 emend.
666 3652 720 3682 cum
756 3636 833 3700 ficeta
846 3638 893 3683 erit
904 3639 942 3685 vel
955 3651 1102 3701 potestatem
1106 3640 1218 3703 feceritis
1232 3661 1282 3691 ma-

203 3718 277 3782 privis
292 3717 454 3771 vestimentis,
475 3715 500 3763 h.
518 3732 539 3762 e.
558 3715 679 3778 singulis,
696 3726 720 3761 et
764 3716 830 3763 lehat
846 3718 923 3764 Gron.
937 3745 972 3754 —-
991 3717 1282 3773 HaeenotatCreverius:

206 3797 259 3844 unis
275 3798 388 3856 Doujat.;
403 3805 427 3842 at
445 3796 519 3841 Doer.
534 3810 561 3840 ea
576 3795 720 3841 vestimenta
766 3795 840 3857 vulgo
853 3812 869 3842 a
882 3797 953 3843 uobis
959 3795 1035 3859 sacta
1048 3798 1096 3855 εἰη
1109 3799 1152 3846 sed
1162 3798 1195 3849 τὰ
1208 3819 1226 3847 a
1235 3821 1281 3850 vo-

205 3876 277 3923 simul
288 3875 413 3922 intellecta
424 3884 505 3937 putat,
518 3873 607 3935 quibus
618 3873 721 3934 quisque
766 3875 801 3920 bis
814 3876 927 3937 ignorant
941 3890 1025 3923 omnes
1037 3877 1136 3941 scripti,
1150 3890 1203 3926 tum
1216 3885 1281 3931 Gro-

204 3955 306 4003 indutus
320 3965 390 4001 esset.
402 3953 578 4011 Hannibalem,
594 3969 669 4014 quum
685 3952 721 3997 vi·
766 3955 881 4011 noriam,
892 3965 943 4000 tum
952 3956 1038 4002 nostri.
1050 3958 1095 4003 Eu.

206 4034 295 4092 disset,
304 4033 425 4082 Alconem
435 4031 511 4079 dietas
520 4031 589 4095 pacis
597 4031 662 4093 leges
670 4042 721 4078 tan·
802 4034 826 4079 5.
844 4030 974 4079 Trucidari
987 4050 1092 4097 corpora
1104 4048 1205 4091 vestra:
1222 4040 1279 4087 vide

204 4125 293 4178 tepere
311 4113 444 4168 abnuisse,
471 4111 564 4157 Alorco
587 4112 720 4174 Saguntum
766 4111 797 4158 ad
810 4113 913 4168 XXIX,
928 4113 972 4171 18,
985 4129 1010 4160 n.
1028 4115 1051 4160 8.

1058 4222 1073 4251 ἱ
