2662 4814
81 322 207 429 &33:332
238 344 389 410 Llssxn
414 342 518 408 xxi.
546 343 649 409 cir.
678 343 801 410 xvn.
829 344 975 410 xvnr.
1077 345 1121 416 35

57 459 148 533 datae
162 461 324 560 legiones
338 460 416 532 duae
432 459 499 557 (eae
515 473 692 563 quaterna
702 461 813 533 millia
826 478 929 533 erant
944 463 1123 560 peditum,

57 586 94 643 et
111 573 251 670 treceni
268 571 470 668 equitem),
492 584 527 640 et
544 560 726 641 sociorum
741 572 921 643 sexdecim
936 575 1046 647 millia
1060 602 1125 675 pe-

58 679 193 769 ditum,
208 681 349 778 equites
361 679 458 751 mille
469 681 688 777 octingenti:
704 705 813 753 naves
827 682 944 780 longae
953 681 968 726 5
978 701 1125 758 centum

59 793 262 889 sexaginta.
291 791 428 862 celoces
457 791 660 863 duodecim.
690 797 784 863 Cum
810 791 867 863 his
895 798 1126 871 terrestribus

58 901 320 997 maritimisque
348 902 461 998 copiis
483 903 536 972 Ti.
559 905 794 999 Sempronius
820 906 949 975 missus
972 909 1011 977 in
1037 912 1126 981 Sici-

57 1010 165 1099 liam3
189 1011 241 1083 ita
263 1011 302 1082 in
325 1009 479 1082 Africam
503 1012 790 1100 transmissurus,
811 1014 842 1082 si
862 1012 907 1083 ad
931 1020 1128 1090 arcendum

60 1121 163 1193 Italia
178 1126 334 1193 Poenum
352 1122 480 1192 consul
497 1123 586 1194 alter
601 1123 684 1193 satis
700 1136 803 1194 esset.
822 1125 991 1196 Cornelio
1009 1131 1129 1201 minus

59 1234 250 1334 copiarum
264 1231 405 1322 datum,
420 1234 505 1329 quia
516 1238 557 1304 L.
568 1233 724 1305 Manlius
738 1247 886 1330 pretor,
901 1251 938 1305 et
953 1237 1029 1332 ipse
1045 1264 1128 1311 cum

59 1343 160 1414 baud
171 1343 330 1414 invalido
342 1344 508 1441 praesidio
521 1344 560 1413 in
573 1343 727 1414 Galliam
739 1343 960 1415 mittebatur.
977 1350 1129 1421 Navium

60 1456 232 1525 maxime
248 1453 419 1525 Cornelio
450 1477 625 1523 numerus
655 1452 864 1524 deminutus
877 1450 904 1521 ⁶.
941 1457 1130 1554 Sexaginta

61 1568 345 1662 quinqueremes
360 1563 449 1634 datae
463 1562 601 1660 (neque
620 1565 718 1633 enim
732 1566 822 1635 mari
834 1579 1048 1655 venturum,
1068 1585 1130 1639 aut

61 1701 104 1748 ea
111 1690 216 1777 parte
225 1673 314 1746 belli
325 1673 596 1744 dimicaturum⁷
608 1673 750 1744 hostem
760 1673 993 1771 credebant),
1006 1692 1042 1747 et
1052 1678 1131 1748 duae

59 1807 221 1864 romanae
230 1783 390 1879 legiones
405 1807 488 1853 cum
504 1807 571 1852 suo
583 1783 682 1877 justo
696 1785 860 1879 equitatu
869 1782 895 1871 ⁸,
908 1799 944 1855 et
956 1802 1129 1881 quatuor·

61 1892 182 1965 decim
192 1891 353 1963 millibus
363 1893 545 1964 sociorum
556 1891 735 1989 peditum,
747 1892 931 1990 equitibus
942 1894 1041 1966 mille
1053 1921 1131 1966 sex-

62 2003 190 2075 centis.
206 2006 304 2073 Duas
318 2003 479 2099 legiones
496 2026 681 2090 romanas,
704 2017 740 2073 et
754 2003 879 2073 decem
894 2003 1006 2074 millia
1020 2007 1132 2077 socio-

61 2138 145 2185 rum
158 2113 340 2208 peditum,
351 2111 449 2194 mille
463 2113 602 2208 equites
616 2113 747 2198 socios,
759 2126 949 2184 sexcentos
962 2139 1132 2187 romanos

62 2223 181 2294 Gallia
200 2222 408 2318 provincia⁹
425 2221 554 2291 eodem
572 2244 669 2291 anno
687 2245 789 2292 versa
808 2222 847 2291 in
866 2225 1040 2319 punicum
1059 2226 1133 2297 bel·

62 2333 140 2406 lum
162 2331 302 2409 habuit.

111 2447 245 2514 XVIII.
263 2442 326 2512 His
339 2442 388 2510 ita
405 2440 636 2536 comparatis,
656 2454 697 2510 ut
711 2443 833 2510 omnia
844 2442 941 2534 justa
955 2458 1039 2514 ante
1055 2442 1130 2515 bel·
1210 2482 1211 2486 =

62 2554 142 2622 lum
160 2549 306 2638 fierent,
321 2550 455 2646 legatos
472 2547 627 2642 majores
645 2563 750 2636 natu,
767 2552 811 2639 Q.
826 2549 994 2638 Fabium,
1008 2557 1054 2622 M.
1069 2556 1130 2624 Li-

62 2658 1130 2751 vium,L.AEmilium,C.Licinium‚Q.Baebium,inAlricam

100 2840 125 2888 4.
149 2832 195 2878 Εω
216 2826 346 2894 (ungule)
365 2837 485 2892 quaterna
501 2824 579 2872 millia
624 2841 711 2888 genere
721 2826 792 2886 belli,
808 2827 873 2874 bello
889 2828 1026 2887 maritimo,
1038 2841 1065 2878 ut
1078 2847 1131 2894 cap.

63 2921 138 2967 erant
139 2906 263 2973 peditum,
273 2918 298 2953 et
305 2905 394 2954 treceni
400 2904 506 2969 equites:
515 2904 542 2951 id
548 2920 579 2959 ex
624 2920 670 2965 αα,
684 2917 770 2969 etqua
778 2917 853 2969 parte
865 2907 991 2970 copiarum
1006 2919 1030 2955 et
1043 2909 1133 2957 virium

64 2989 189 3038 emendet.
201 2985 327 3034 Drakenb.
341 2985 438 3049 reposui
451 2999 497 3047 pro
511 2999 541 3029 ea
555 2994 579 3029 et
623 2985 716 3040 XIIII,
731 2979 775 3044 193
790 2992 834 3040 44,
846 2987 983 3045 amn,
995 2987 1041 3047 263
1051 2990 1094 3035 Gr.

64 3068 175 3117 trecenti
659 3063 684 3107 8.
693 3061 751 3107 Cum
760 3078 803 3108 suo
804 3061 873 3126 justo
884 3063 1005 3126 equitatu,
1017 3082 1072 3112 cum
1082 3067 1132 3114 600

101 3149 127 3197 5.
136 3149 218 3195 Naves
228 3147 314 3210 Iongoe,
325 3145 427 3202 bellicae,
433 3143 578 3208 plerumque
623 3139 762 3203 equitibus,
776 3151 838 3203 quot
849 3141 876 3187 in
890 3140 984 3190 duabus
994 3143 1132 3206 legionibus

64 3228 266 3292 quitrqueremes‚
276 3224 315 3272 vel
325 3224 446 3280 triremes,
458 3233 482 3269 et
491 3232 578 3269 rostra·
622 3235 674 3266 esse
685 3218 773 3265 solent.

62 3317 110 3364 tae,
121 3321 176 3369 quae
189 3302 307 3352 onerariis
318 3313 490 3366 opponuntur3
501 3303 576 3348 Strot.
657 3313 682 3360 9.
698 3297 782 3346 Gallia
791 3297 919 3360 provincia
929 3297 1024 3362 (confer
1036 3300 1077 3356 11,
1091 3307 1135 3358 4ο,

64 3384 119 3432 111ae
128 3384 251 3431 vehebant
262 3380 366 3440 milites,
377 3380 416 3427 hae
436 3366 577 3446 (ὁλκάδες)
621 3393 646 3424 n.
658 3374 702 3439 9),
713 3392 763 3440 quo
773 3379 800 3422 L.
809 3376 916 3423 Manlius
927 3387 1018 3440 praetor
1029 3377 1132 3425 cumbis

65 3474 244 3519 commeatumt
258 3478 283 3508 v.
295 3459 404 3508 Scheerr
416 3458 446 3505 de
455 3459 509 3506 Mil.
522 3475 577 3505 nav.
622 3455 701 3520 copiis
718 3456 805 3502 missus
825 3466 883 3502 erat.
906 3457 969 3500 Mox
990 3469 1045 3501 voc.
1065 3471 1131 3504 anno

64 3543 107 3602 11,
117 3557 132 3588 2
142 3557 213 3605 ‚pag
226 3541 272 3598 64,
282 3539 331 3597 65,
345 3538 388 3600 96.
398 3535 492 3606 Μακρὰ
504 3539 578 3587 πλοῖα
622 3533 691 3580 abest
705 3533 736 3581 ab
752 3533 866 3580 omnibus
881 3534 944 3579 MSS
959 3542 984 3578 et
999 3544 1060 3580 antt.
1075 3535 1131 3583 edd.

66 3619 185 3673 dicuntur
196 3618 285 3683 Polyb.
295 3619 353 3675 XV,
365 3617 405 3664 18.
413 3643 448 3651 -
461 3618 503 3662 Ita
515 3613 576 3680 (vid.
622 3611 795 3661 Scribendum:
805 3611 889 3658 Gallia
890 3610 1018 3672 provincia
1025 3614 1132 3662 nondum

65 3698 100 3746 ad
111 3701 140 3758 1,
149 3699 179 3755 8,
188 3713 213 3744 n.
228 3712 239 3743 1
249 3696 258 3759 )
272 3695 296 3742 in
305 3694 417 3760 Africam
427 3693 577 3741 transmissu·
622 3707 695 3738 versa
704 3691 763 3754 inp.
774 3691 795 3737 b.
805 3689 829 3736 Ιι.
839 3690 856 3735 i.
867 3705 888 3735 e.
900 3687 1040 3752 priusquam
1049 3708 1079 3740 eo
1092 3693 1133 3741 ad·

65 3793 123 3834 rus,
137 3775 190 3823 scil.
202 3791 249 3833 eas.
623 3770 739 3817 ducerent
754 3769 826 3816 ambo
841 3783 903 3815 coss.
916 3767 999 3831 copias
1012 3786 1067 3818 suas
1081 3775 1134 3820 1³oe-

103 3857 130 3902 6.
148 3853 410 3901 Navium...numerus
429 3849 576 3905 deminutus,
621 3849 661 3896 nis
670 3848 841 3914 opponendam
851 3848 1086 3897 Grou-Notanda
1095 3863 1132 3900 est

68 3934 128 4002 quie
150 3932 184 3981 nd
204 3931 359 3979 deducendas
379 3940 473 3978 tantum
496 3927 579 3992 coplas
624 3927 697 3976 codd.
708 3939 774 3975 nost.
786 3926 874 3974 lectio:
887 3924 951 3972 mille
963 3928 1132 3994 equites(scil.

68 4026 135 4077 opus
146 4009 238 4061 Iubere
250 4009 353 4056 navibus
366 4008 502 4056 videbatur.
624 4004 761 4070 romanos),
769 4019 891 4053 sudsexe.
900 4006 1036 4064 Romanus,
1050 4008 1134 4056 Gallia

107 4105 133 4156 7.
143 4090 184 4139 lta
192 4100 267 4158 parte
280 4087 336 4138 belli
351 4086 521 4137 dt'micaturum
527 4121 536 4146 ‚
551 4101 581 4134 eo
620 4103 661 4149 pr.
671 4085 755 4133 eodem
763 4100 850 4140 versa,
864 4083 887 4129 in
892 4099 954 4146 pua.
965 4084 1010 4132 bel.
1019 4085 1076 4134 tab.
1088 4088 1132 4134 En.

922 4166 959 4236 3.
