2662 4814
178 339 281 446 ’ἧζζζὲζζῗ
305 361 411 426 tltt.
439 360 542 425 XXI.
569 358 675 425 CAP.
706 357 867 423 XXVII.
897 359 1081 424 XXVIII.
1149 357 1192 428 53

159 504 243 550 onera
259 481 520 575 trajicerentur.
538 479 688 576 Hispani
706 479 783 548 siue
800 477 873 548 ulla
890 474 1024 565 mule³,
1039 480 1078 547 in
1094 492 1193 550 utres

158 592 351 662 vestimentis
367 591 558 686 conjectis,
572 591 642 687 ipsi
658 592 765 661 cetris
779 591 1001 687 suppositis⁴
1016 588 1192 660 incuban-

157 709 209 786 tes,
223 700 356 772 flumen
369 716 567 773 narravere.
586 706 631 770 Et
646 700 736 770 alius
754 702 949 789 exercitus,
963 699 1102 771 ratibus
1114 701 1195 795 juu-

155 809 203 879 ctis
217 812 401 906 trajectus,
420 813 544 882 castris
561 835 676 908 prope
693 810 828 881 flumen
847 811 991 908 positis,
1011 824 1194 880 nocturno

152 916 258 993 itinere
277 934 388 1018 atque
410 922 532 1020 operis
553 921 677 993 labore
696 921 829 1006 fessus,
852 922 974 1017 quiete
996 922 1103 998 unius
1122 919 1195 990 diei

80 1072 81 1080 .
150 1027 304 1120 reficitur,
320 1033 462 1104 intento
481 1032 573 1104 duce
592 1032 637 1103 ad
656 1033 847 1103 consilium
864 1046 1074 1129 opportune
1093 1054 1193 1102 essee

148 1140 328 1232 quendum.
352 1148 499 1215 Postero
523 1143 583 1214 die
611 1141 764 1240 profecti
789 1169 834 1215 ex
862 1142 943 1213 loco
970 1142 1066 1214 edito
1092 1141 1194 1213 fumo

146 1248 351 1346 significant,
364 1279 402 1325 se
415 1256 582 1342 transisse
592 1249 618 1342 ⁵,
633 1268 669 1325 et
682 1253 781 1324 haud
794 1252 921 1350 procul
936 1250 1072 1322 abesse.
1086 1249 1195 1341 Quod

80 1424 82 1451 ,
144 1357 194 1431 abr
203 1378 342 1461 accepit
354 1364 548 1452 Hannibal
562 1390 610 1436 ne
622 1379 776 1461 tempori
787 1358 963 1447 deesset6
978 1361 1075 1432 dat
1050 1384 1192 1457 signum

80 1458 83 1567 l
142 1471 176 1541 ad
193 1474 454 1569 trajiciendum.
473 1481 551 1545 Iam
570 1489 710 1572 paratas
728 1488 940 1570 aptatasque
958 1470 1117 1542 habebat
1135 1494 1195 1567 pe·

80 1626 91 1669 ¹.
140 1576 190 1651 des
204 1581 352 1654 lintres.
369 1586 509 1681 equites
522 1582 598 1654 fere
612 1597 762 1680 propter
778 1604 892 1676 equos
908 1594 1035 1652 nantes
1048 1581 1193 1650 navium

137 1711 275 1786 agmen,
299 1694 344 1764 ad
371 1693 624 1791 excipiendum
648 1693 786 1764 adversi
813 1694 990 1788 impetum
1015 1688 1193 1780 fluminis,

134 1815 229 1895 parte
242 1805 430 1898 superiore
445 1805 706 1890 transmittens,
718 1800 1014 1897 tranquillitatem
1025 1799 1117 1870 infra
1127 1815 1194 1870 tra-

128 1910 333 2004 jicientibus
353 1912 521 1984 lintribus
541 1910 734 2011 praebebat.
757 1916 943 2006 Equorum
962 1933 1044 2006 pars
1062 1931 1192 2005 magna

130 2036 257 2091 nantes
270 2021 356 2092 loris
370 2047 390 2092 a
404 2023 589 2120 puppibus
603 2020 853 2107 trahebantur,
866 2035 995 2117 praeter
1009 2042 1086 2102 eos,
1099 2040 1192 2113 quos

127 2133 323 2204 iustmctos
341 2133 591 2230 frenatosque,
606 2147 647 2203 ut
666 2131 847 2228 extemplo
865 2152 1009 2227 egresso
1022 2130 1060 2198 in
1076 2129 1190 2224 ripam

128 2246 245 2341 equiti
265 2246 346 2316 usui
365 2261 503 2334 essent,
522 2248 771 2342 imposuerant
791 2246 828 2312 in
847 2267 964 2312 naves.

175 2360 341 2427 XXVIII.
360 2357 453 2427 Galli
472 2361 661 2426 occursant
681 2358 718 2424 in
733 2357 868 2450 ripam¹
887 2377 968 2423 eum
988 2352 1092 2421 variis
1109 2350 1192 2421 ulu-

125 2462 261 2535 latibus
282 2475 487 2562 cantuque²
508 2462 618 2536 moris
643 2466 717 2552 sui,
736 2464 938 2561 quatientes
962 2476 1063 2533 scuta
1083 2486 1192 2559 super

125 2690 179 2738 ret,
197 2700 211 2720 ι
226 2680 289 2739 nisi,
307 2682 406 2744 inquit,
425 2681 509 2729 erinon
528 2680 637 2741 luberet,
684 2680 714 2737 3,
727 2691 751 2727 et
763 2679 817 2727 allis
831 2679 907 2737 locis,
927 2693 980 2742 qua
996 2677 1102 2726 laudavit
1117 2679 1191 2728 Drak.

125 2759 253 2806 testatiora
261 2760 370 2823 preferri
380 2762 517 2808 venustis.»
530 2758 576 2809 Eo.
682 2756 1193 2823 adprlt.XLIX)eqnosnantes,parte
1282 2762 1284 2771 '

164 2839 188 2885 3.
202 2836 259 2884 sne
271 2838 324 2885 nlla
336 2840 413 2895 mole,
431 2837 584 2888 difficultate.
600 2838 638 2886 ct.
682 2838 816 2902 superiore,
838 2838 875 2884 ad
891 2837 1059 2902 exeplisndnm
1082 2838 1193 2901 frangen-

126 2915 158 2962 ad
171 2919 201 2975 I,
214 2918 261 2976 38,
269 2932 294 2965 n.
306 2926 332 2973 s.
683 2917 790 2980 dumque
798 2928 849 2964 tum
857 2918 933 2980 equis,
941 2915 1194 2974 comtemnendam

138 3026 140 3030 .
164 2994 639 3060 I.·Cerris,sappositis;vldeadom,
683 2995 925 3062 impetrrmfluminis,
936 2995 1192 3059 praebolattranqur'l-

126 3085 181 3122 not.
192 3074 217 3121 6.
684 3074 776 3121 litatem
786 3074 894 3122 lintribus
908 3074 972 3139 infra
983 3086 999 3122 tr
1009 3111 1017 3133 ,
1031 3086 1085 3139 qnae
1094 3075 1192 3131 lintres,

164 3154 190 3200 5.
209 3154 252 3199 En
267 3152 321 3200 loco
337 3152 403 3200 edito
414 3151 486 3217 fumo
500 3152 640 3220 significant
683 3151 717 3202 τὰ
725 3150 807 3203 λεπτὰ
816 3158 863 3205 τῶν
873 3154 1020 3223 πορθμείων,
1031 3157 1070 3204 vel
1081 3151 1115 3204 τὰ
1124 3155 1193 3222 μονό-

126 3248 153 3279 se
166 3230 302 3278 tremisse:
320 3231 355 3278 sio
371 3243 397 3279 et
414 3233 501 3297 Polyb.
520 3232 572 3291 III,
591 3234 638 3290 43,
683 3231 740 3293 Este
751 3234 837 3291 πλοῖα,
848 3234 1194 3295 itafaciliustutiusqnetrans·

126 3325 181 3358 non
200 3324 261 3357 vero
282 3325 315 3356 ex
337 3310 390 3356 loco
410 3311 475 3357 edito
494 3328 503 3357 .-
527 3327 583 3357 uam
604 3311 638 3357 ita
682 3313 745 3360 mitti
757 3323 878 3376 poterant.
889 3313 980 3360 Confer
988 3312 1076 3376 Polyb.
1087 3313 1192 3372 mna,

127 3389 232 3453 scripsi,
244 3387 402 3435 suadentibus
415 3388 478 3437 Clsr.
489 3399 513 3436 st
521 3391 568 3436 Str.
576 3405 636 3452 pro:
682 3391 724 3454 qul
732 3391 805 3438 etiarn
814 3406 888 3455 equos
896 3401 982 3438 nantes
991 3402 1004 3434 e
1005 3389 1127 3452 puppibus
1136 3390 1193 3439 lem-

123 3466 232 3533 profeoti
240 3481 273 3513 esc
286 3465 541 3531 locs,proditofi1rno
552 3483 571 3515 s.
584 3485 603 3515 s.
618 3479 637 3516 t.
682 3469 778 3527 borona
786 3480 810 3516 et
818 3479 1047 3532 exutroqueearum
1053 3466 1127 3517 latere
1135 3469 1191 3517 loris

128 3550 160 3594 In
181 3560 232 3592 uno
245 3541 308 3592 MSS
323 3556 360 3592 est
375 3560 408 3592 ex
425 3546 478 3592 loeo
491 3545 639 3594 deliraret
683 3539 772 3595 nactos
780 3548 887 3606 dicit3ut
895 3558 953 3594 mox
960 3546 1191 3611 Litius:Eqreornm

124 3623 344 3688 propinquofimw
358 3627 424 3686 conj.
438 3626 515 3672 Gron.
678 3643 740 3691 pars
752 3640 842 3691 magara
852 3637 938 3673 nantes
946 3624 1024 3689 (conl.
1035 3624 1066 3672 ad
1076 3629 1100 3684 1,
1114 3636 1156 3689 tr,
1165 3644 1192 3676 n.

164 3703 190 3751 6.
202 3703 242 3750 Ne
253 3703 356 3766 tempori
364 3702 469 3760 deessem
480 3703 536 3750 vids
546 3703 577 3750 ad
585 3704 638 3762 111,
686 3703 730 3768 1),
748 3722 801 3768 qnae
816 3705 889 3752 verba
904 3713 1013 3767 suspecta
1031 3703 1137 3754 reddunt
1154 3723 1193 3754 su·

130 3784 178 3840 46,
190 3799 218 3830 n.
232 3783 256 3829 3.
269 3806 305 3821 υ-
319 3782 424 3829 Navium
436 3797 536 3847 agmen,
548 3784 640 3842 majora
683 3783 779 3848 periore
784 3794 886 3847 propter
894 3797 967 3846 equos
976 3793 1070 3831 nantes.
1087 3830 1090 3834 .

127 3858 641 3930 navigitr,siltlp6u,transmittensequites
720 3862 782 3910 Car.
801 3863 922 3908 XXVIII.
943 3876 964 3908 1.
987 3860 1055 3911 Galli
1067 3876 1195 3911 occursant

129 3942 161 3988 iis
174 3941 320 4006 impositos,
328 3953 431 4005 propter
443 3940 547 4005 (prope,
557 3941 642 4003 juxta,
687 3940 711 3987 in
721 3940 815 4004 ripam
827 3941 903 3988 Gron.
917 3939 965 3986 Sed
978 3951 1001 3989 et
1013 3958 1061 4005 quo
1072 3953 1095 3989 et
1105 3943 1147 3989 ubi
1156 3960 1196 3990 oc-

130 4021 219 4077 neben,
235 4031 264 4067 ut
277 4021 325 4078 IX,
337 4035 368 4078 23
381 4021 465 4078 XXV,
482 4021 527 4078 23;
543 4020 644 4080 XXVI,
688 4017 1194 4083 cursarint,quatridiciquepotestfflauer.

132 4100 298 4159 83XXVIII,
308 4098 353 4157 46;
361 4100 483 4160 XXXIV,
495 4099 525 4146 32
537 4115 544 4159 3
554 4100 644 4159 XLIV,
725 4114 750 4145 2.
763 4098 820 4146 Cum
832 4097 911 4146 variis
919 4098 1049 4146 ululatibus
1060 4111 1193 4164 cantuque,
