2632 4808
81 331 211 440 53:332:
302 353 464 419 arnna
489 352 595 418 11111.
623 351 727 418 car.
750 353 792 418 v.
817 354 883 420 11.
1086 353 1127 425 15

55 473 181 564 fuere3
194 478 327 546 invicta
343 476 456 563 acies,
475 475 505 543 si
527 497 632 569 aequo
652 471 882 544 dimicaretur
899 498 1040 572 campo.
1060 483 1128 548 Ita-

58 608 132 680 que
147 600 183 656 et
195 586 344 682 ingenio
360 582 519 671 seroces,
537 597 574 653 et
590 581 823 654 multitudine
839 581 938 673 freti,
954 599 1008 673 et,
1027 587 1128 683 quod

58 707 162 764 metu
180 695 326 766 cessisse
346 691 544 765 credebant
559 691 718 780 hostem,
735 691 773 762 id
791 694 924 764 morari
941 695 1128 768 victoriam

59 804 145 892 rati,
159 804 262 902 quod
277 806 467 875 interesset
483 803 619 892 amnis,
636 801 793 873 clamore
812 802 976 892 sublato,
994 808 1126 901 passim

58 913 137 984 sine
160 914 269 987 ullius
292 915 465 1012 imperio,
494 938 568 1010 qua
594 914 727 1009 cuique
757 914 963 1009 proximum
986 928 1057 1002 est,
1088 917 1127 985 in

57 1048 203 1095 amnem
216 1039 340 1096 ruunt.
358 1031 402 1096 Et
416 1050 461 1096 ex
475 1039 576 1122 parte
590 1023 702 1094 altera
715 1024 802 1121 ripae
815 1025 868 1094 vis
884 1025 1012 1122 ingens
1028 1027 1128 1122 equi·

57 1148 138 1204 tum
162 1136 202 1206 in
228 1134 366 1207 flumen
386 1135 567 1222 immissa,
590 1133 785 1229 medioque
811 1133 913 1205 alveo
936 1133 1125 1231 haudqua-

39 1232 168 1340 ¹quam
195 1247 272 1343 pari
290 1248 484 1318 certamine
504 1268 750 1332 concursum;
774 1245 910 1342 quippe
933 1244 998 1315 ubi
1016 1245 1126 1343 pedes

57 1352 235 1427 instabilis
248 1366 293 1444 ¹⁰,
308 1380 349 1426 ac
368 1357 427 1425 vix
440 1355 534 1426 vado
552 1353 687 1442 fidens,
701 1354 759 1425 vel
776 1352 822 1425 ab
836 1356 967 1425 inermi
985 1359 1124 1453 equite,

59 1487 155 1559 equo
177 1480 313 1536 temere
337 1480 438 1553 acto,
464 1466 623 1562 perverti
648 1480 791 1563 posset;
816 1488 949 1562 eques,
972 1490 1125 1563 corpora

58 1575 240 1671 armisque
260 1574 372 1664 liber,
389 1600 485 1673 equo
503 1575 561 1646 vel
576 1598 642 1673 per
658 1574 796 1647 medios
812 1576 970 1672 gurgites
988 1575 1125 1666 stabili,

56 1682 224 1757 cominus
239 1688 453 1783 eminusque
468 1710 547 1756 rem
563 1700 715 1782 gereret,
733 1691 816 1756 Pars
831 1709 961 1782 magna
975 1685 1125 1758 flumine

57 1792 275 1892 absumpta:
296 1796 461 1892 quidam,
484 1798 665 1867 vorticoso
685 1796 783 1866 amni
802 1794 911 1866 delati
928 1797 966 1865 in
982 1797 1124 1885 hostes,

57 1898 102 1969 ab
115 1901 316 2025 elephantis
330 1902 455 1974 obtriti
467 1919 572 1975 sunt:
588 1906 780 2002 postremi,
795 1903 929 2001 quibus
941 1931 1124 2004 regressus

57 2011 211 2081 insuam
227 2013 342 2110 ripam
361 2015 473 2083 tutior
487 2011 572 2099 fuit,
587 2040 632 2084 ex
644 2015 742 2084 varia
753 2015 995 2110 trepidatione
1010 2042 1124 2114 quum

57 2123 94 2188 in
115 2145 233 2191 unum
259 2122 539 2220 colligerentur,
567 2124 780 2245 priusquam
801 2148 846 2194 ex
868 2138 971 2195 tanto
992 2149 1125 2221 pavore

57 2231 260 2353 reciperent
279 2233 435 2320 animos,
461 2230 669 2318 Hannibal,
684 2211 826 2328 agririne
846 2233 1024 2329 quadrato
1045 2261 1123 2307 am-

58 2365 141 2410 nem
169 2342 379 2442 ingressus,
408 2287 531 2439 firgam
556 2367 601 2413 ex
625 2342 704 2438 ripa
731 2339 875 2411 fecit11·
866 2346 1122 2442 ,vastatisque

58 2452 165 2547 agris,
189 2452 284 2522 intra
302 2477 437 2549 paucos
456 2453 532 2523 dies
550 2456 773 2549 Carpetanos
793 2476 943 2549 quoque
961 2455 999 2524 in
1021 2455 1122 2528 dedi·

57 2563 192 2633 tionem
213 2566 362 2661 accepit.
384 2568 429 2640 Et
444 2563 516 2657 jam
539 2564 662 2633 omnia
682 2577 780 2633 trans
805 2561 971 2654 Iberum,
992 2583 1123 2662 prater

57 2675 288 2769 Saguntinos,
310 2673 661 2771 Carthaginiensium
681 2687 794 2744 erant.

99 2789 160 2855 VI.
176 2788 271 2855 Cum
286 2785 493 2882 Saguntinis
504 2782 643 2854 bellum
654 2781 821 2853 nondum
834 2798 911 2854 erat
926 2811 934 2853 :
952 2801 1120 2857 caeterum

56 2894 123 2986 jam
139 2892 228 2965 belli
246 2919 350 2966 causa
370 2896 566 2966 certamina
580 2919 663 2965 curn
683 2892 845 2965 finitimis
865 2895 1080 2969 serebantur
1095 2911 1121 2985 ¹,

57 3078 215 3126 conferendus
223 3077 563 3142 est.-Camappendicibus;
608 3077 1121 3144 V111,9ext.eod.sensuacfugamcapere.

56 3157 107 3204 ride
119 3156 152 3204 ad
164 3160 217 3216 IX,
231 3165 274 3216 41,
288 3152 317 3206 11,’
328 3174 352 3221 9.
646 3159 706 3207 Cir.
723 3158 768 3203 VI.
786 3171 807 3201 1.
826 3155 965 3204 Certamina
979 3159 1123 3226 enmfiniti-

88 3250 126 3282 10.
139 3236 217 3283 Pedes
226 3235 344 3285 instabilis
354 3236 494 3301 (utcontra
504 3251 563 3283 mox
608 3236 652 3282 mis
659 3235 856 3299 Saguntinorum,
865 3246 890 3282 et
896 3235 961 3283 inter
966 3237 1012 3284 hos
1019 3238 1123 3302 illosque

54 3330 112 3378 equa
120 3313 234 3379 stabili),
248 3317 292 3378 qui
303 3316 390 3381 pedem
401 3315 505 3362 firmiter
517 3332 564 3378 po·
607 3315 749 3362 serebantur
762 3315 793 3361 ab
811 3313 962 3374 Hannibale,
978 3328 1060 3363 satore
1075 3318 1123 3367 litis

53 3410 106 3441 nere
115 3396 215 3457 nequit,
222 3394 350 3451 vacillans,
361 3407 385 3443 et
394 3394 563 3442 adlabentium
608 3394 703 3460 (confer
712 3394 744 3440 ad
753 3395 805 3450 III,
818 3408 859 3454 19,
866 3408 891 3439 n.
902 3392 940 3457 7),
949 3394 1057 3443 maxime
1066 3413 1123 3448 enm

53 3474 564 3539 prosilivit...equotemereaeto,quocum·
612 3473 757 3520 Turdetanis
766 3491 776 3529 ;
792 3471 878 3519 confer
890 3474 989 3535 XXIV,
1008 3483 1040 3529 4²
1060 3489 1123 3525 extr.

53 3568 96 3616 que
115 3554 191 3603 ferret
206 3555 329 3619 impetus,
345 3554 453 3618 perverti
465 3565 563 3617 posset;
612 3551 746 3598 Turdetani
766 3551 885 3599 maximus
906 3551 1018 3614 quidem,
1037 3556 1080 3602 sed
1098 3570 1122 3606 et

50 3633 123 3681 Doer.
138 3633 232 3681 Confer
242 3634 275 3682 ad
286 3635 324 3691 II,
342 3634 387 3692 46,
401 3650 426 3681 n.
442 3635 465 3680 3.
609 3632 714 3679 maxime
721 3630 827 3678 imbellis
839 3631 964 3693 Hispaniae
973 3634 1070 3682 Baeticae
1081 3654 1123 3700 po·

84 3728 126 3762 11.
137 3713 268 3761 Hannibal
277 3712 376 3778 agmine
388 3711 512 3775 quadrato
522 3711 562 3775 (v.
607 3711 681 3774 pulus
700 3709 773 3775 (vide
791 3710 916 3767 XXXIV,
934 3712 994 3774 17),
1009 3724 1033 3760 et
1046 3714 1121 3762 iidem

49 3791 77 3839 ad
90 3793 132 3851 11,
144 3794 175 3852 6,
187 3808 213 3839 n.
228 3791 259 3856 3)
273 3807 385 3847 amnem,
400 3793 508 3853 Tagum,
527 3790 563 3836 in·
608 3790 651 3852 qui
666 3788 769 3836 Turduli
785 3789 913 3846 dIcuntur,
927 3789 1056 3851 XXVIII,
1074 3797 1120 3858 393

45 3886 139 3933 gressus
149 3870 243 3936 fugam
260 3886 293 3917 ex
313 3869 368 3932 ripa
375 3868 451 3934 fecit,
469 3869 563 3932 coegit,
608 3869 732 3924 XXXIV,
745 3883 785 3926 17,
797 3881 841 3912 no.
853 3866 971 3930 Polybius
985 3880 1065 3917 tamen
1079 3873 1120 3937 (v.

46 3960 111 3996 utex
121 3951 174 4014 ripa
183 3951 307 4013 fugerent3
319 3951 395 3996 Doer.
405 3951 468 3997 Nam
471 3947 563 4012 sagam
608 3947 687 3994 Strab.
704 3949 755 4003 III,
769 3961 824 4008 pag.
844 3945 923 4010 139),
937 3957 961 3994 et
974 3947 1016 3993 alii
1029 3966 1072 3997 eos
1084 3953 1121 3999 di·

40 4030 138 4094 saeere,
152 4030 324 4087 scilic.alicui‚
334 4041 385 4086 est,
397 4045 453 4076 eum
464 4029 559 4090 fugare:
608 4027 748 4089 sunguunt,
762 4035 785 4070 et
797 4023 853 4069 illus
866 4022 931 4071 iuter
942 4026 1021 4072 Anam
1033 4040 1057 4076 et
1069 4032 1121 4079 Bae.

47 4109 168 4175 aufugam
178 4108 246 4175 facit
260 4108 366 4172 aliquia,
383 4108 425 4172 qui
443 4107 518 4171 sugit,
534 4117 561 4153 ut
607 4105 655 4161 tin,
670 4104 716 4151 hos
734 4118 807 4168 supra
821 4117 863 4148 eos
881 4102 913 4150 ad
927 4115 1054 4170 utramque
1069 4111 1120 4159 Bae.
