2662 4814
134 341 179 415 56
552 346 591 411 r.
622 345 764 413 srvit
902 330 907 339 “
1048 319 1167 430 §12:332

127 466 238 567 pedes
253 479 419 551 centum,
438 464 484 535 ad
502 465 754 558 trajiciendum
768 462 905 537 flumen
921 477 1021 560 apta,
1036 462 1123 533 huie
1138 486 1189 532 co

127 578 252 678 pulata
270 589 346 647 est:
372 589 408 646 et
429 599 544 671 quum
566 575 768 672 elephanti,
790 601 855 672 per
876 573 1043 645 stabilem
1061 586 1187 658 ratem,

126 703 303 783 tanquam
317 687 428 774 vum,
447 685 767 782 praegredientibus
784 683 944 767 feminis,
964 685 1051 768 acti,
1069 684 1108 751 in
1129 681 1189 749 mi·

127 822 255 871 norem
280 796 494 893 applicatam
517 797 727 894 transgressi
751 810 856 883 sunt,
887 795 1072 890 extemplo
1096 815 1189 863 reso-

127 905 230 989 lutis,
242 902 375 1000 quibus
389 905 515 975 leviter
526 906 665 976 adnexa
678 920 771 991 erat,
783 905 952 987 vinculis,
969 903 1014 974 ab
1029 902 1190 973 actuariis

128 1013 267 1110 aliquot
292 1013 482 1086 navibus¹⁰
500 1014 545 1086 ad
567 1017 717 1086 alteram
740 1017 856 1113 ripam
878 1015 1124 1114 pertrahitur:
1148 1015 1191 1083 ita

108 1152 111 1158 ’
128 1126 253 1222 primis
272 1128 461 1223 expositis,
480 1127 539 1197 alii
560 1125 691 1198 deiude
713 1128 858 1224 repetiti
878 1151 919 1197 ac
940 1126 1080 1219 trajecti
1099 1137 1190 1194 suut.

129 1235 226 1307 Nihil
245 1261 330 1308 sane
350 1235 597 1334 trepidabant,
613 1237 730 1309 donec
748 1239 950 1309 continenti
966 1236 1065 1306 velut
1083 1249 1191 1333 ponte

129 1362 340 1444 agerentur:
355 1349 493 1444 primus
502 1362 579 1419 erat
589 1373 713 1446 pavor,
726 1372 859 1445 quum,
873 1348 988 1419 soluta
1001 1346 1047 1416 ab
1060 1346 1192 1418 caeteris

129 1468 262 1545 rate¹¹,
284 1459 326 1528 in
349 1458 460 1528 altum
485 1473 710 1556 raperentur.
732 1457 805 1543 lbi,
828 1473 996 1554 urgentes
1020 1458 1117 1526 inter
1139 1479 1192 1543 se,

128 1565 342 1637 cedentibus
352 1569 521 1639 extremis
531 1568 577 1639 ab
590 1594 701 1665 aqua,
715 1568 963 1665 trepidationis
971 1566 1192 1661 aliquantum

128 1674 305 1763 edebant3
322 1675 438 1748 donec
459 1680 617 1773 quietem
638 1680 713 1776 ipse
732 1680 881 1748 timor¹²
896 1678 1192 1773 circumspectan-

130 1784 229 1855 tibus
243 1810 374 1880 aquam
386 1785 538 1857 fecisset.
549 1788 721 1858 Excidere
732 1789 838 1857 etiam
854 1787 1037 1855 saevientes
1049 1785 1193 1879 quidam

129 1895 167 1963 in
183 1892 339 1979 flumem
355 1893 437 1980 sed,
449 1894 611 1990 pondere
626 1895 703 1990 ipso
717 1892 880 1977 stabiles,
895 1892 1042 1986 dejectis
1054 1891 1194 1963 rectori·

129 2002 220 2090 bus,
235 2003 438 2099 quaereudis
453 2003 676 2100 pedetentim
691 2001 808 2089 vadis,
822 2004 860 2072 in
875 2016 1004 2071 terram
1020 2026 1176 2074 evasere.

180 2118 307 2183 XXIX.
335 2117 432 2183 Dum
455 2112 640 2208 elephanti
662 2112 906 2206 trajiciuntur,
928 2111 1073 2181 iuterim
1099 2116 1193 2181 Han-

129 2270 162 2319 tis
175 2270 327 2333 temporibus
337 2282 426 2317 narrat.
438 2270 568 2333 Loquitur,
580 2286 609 2317 ae
621 2270 641 2316 si
680 2284 728 2332 per
735 2269 832 2316 stabiles
839 2280 904 2315 rates
913 2267 975 2333 (illas
983 2267 1068 2331 duas),
1079 2280 1193 2333 tanquam

130 2365 182 2396 rem
192 2350 307 2408 omnino,
324 2360 352 2396 ut
365 2347 418 2396 lieri
432 2348 522 2406 soleat,
536 2364 601 2407 nou,
614 2360 642 2396 ut
685 2347 767 2404 viam,
782 2347 855 2412 ps„
871 2347 933 2404 aeti,
953 2347 978 2394 t'rr
991 2345 1080 2413 (duas)
1094 2348 1193 2397 moeres

128 2438 181 2477 tum
191 2428 330 2491 gerebatur,
340 2427 472 2487 describat,
482 2439 506 2476 et
517 2439 598 2475 tamen
607 2445 642 2474 re-
685 2427 822 2489 applicatas
835 2426 895 2492 (non
907 2427 1020 2483 stabiles,
1030 2427 1073 2474 sed
1082 2427 1195 2484 mobiles,

128 2505 196 2568 liqua
205 2517 315 2569 tempora
323 2505 500 2563 adnexuerat,
509 2506 642 2565 etc.,aliud
685 2502 788 2553 firmiter
800 2505 899 2568 quidem
911 2506 975 2553 inter
985 2522 1010 2553 se
1022 2504 1196 2570 colligatas‚ad

131 2584 245 2642 suadent,
258 2605 271 2625 »
284 2585 369 2631 Bauer.
685 2595 786 2630 coeteras
793 2599 861 2642 vero,
868 2584 919 2632 sive
929 2584 988 2631 duas
997 2584 1109 2644 stabiles,
1117 2586 1197 2644 ita‚ut

169 2678 209 2708 ro.
223 2661 641 2725 Actuariisaliquotnavibus,h.e.
686 2661 796 2718 vincula,
815 2662 900 2726 quibus
918 2662 998 2709 leviter
1017 2662 1046 2710 iis
1063 2675 1143 2711 esseut
1155 2680 1197 2711 aa·
1233 2676 1236 2683 “

131 2756 185 2804 quae
194 2740 265 2786 simul
276 2740 336 2787 velis
345 2741 466 2803 remisque
476 2752 591 2804 aguntur,
602 2753 643 2789 aut
686 2756 757 2787 neteoe
763 2775 772 2797 ,
786 2742 905 2804 extemplo
915 2742 1000 2788 resolvi
1003 2739 1114 2806 possent)
1123 2754 1198 2790 nuut-

30 2878 37 2885 *
131 2818 643 2884 quaefacileremispoterautagi(v.Nom),
683 2819 761 2883 gressi
777 2832 846 2877 sunt,
868 2831 914 2867 etc.
931 2824 1003 2867 Forte
1017 2831 1041 2868 et
1058 2821 1144 2868 Livius
1157 2838 1199 2886 per

132 2908 158 2945 et
167 2897 205 2945 vel
216 2898 319 2958 majores
329 2908 410 2955 eraut,
419 2897 457 2944 vel
466 2898 642 2947 miuores.Vid.
687 2913 806 2957 errorem,
818 2908 860 2946 aut
872 2899 935 2946 alios
946 2909 1062 2961 sequutus
1073 2910 1200 2958 auctores,

136 2975 252 3023 Sobeffer.
263 2974 334 3023 delle
341 2991 396 3024 nav.
406 2979 444 3035 11,
455 2976 642 3040 a.-Ilepetiti,
688 2992 762 3025 unam
781 2988 875 3025 tantum
887 2968 970 3024 ’mem
987 2977 1069 3025 fuisse
1082 2977 1200 3028 mobilem

132 3066 190 3121 post
202 3054 264 3101 alios
274 3053 357 3117 petiti,
367 3054 526 3119 naelgeltolt,·
540 3056 626 3105 Bauer.
687 3056 796 3120 putavit,
805 3056 910 3118 ideoque
921 3056 984 3103 dixit
994 3056 1112 3102 minorem
1123 3057 1203 3122 appli-

171 3150 211 3182 11.
231 3133 316 3179 Sotuta
337 3134 369 3180 ab
391 3134 483 3181 coeteris
504 3146 558 3181 rate
572 3153 582 3182 .·
603 3151 643 3182 «a
687 3146 782 3189 catam,
795 3146 820 3180 et
831 3134 920 3181 deiude
931 3135 1012 3181 soluto
1024 3146 1078 3181 rote
1088 3136 1121 3182 ab
1131 3148 1202 3183 crete-

133 3212 297 3276 quibusnam?
316 3213 339 3260 Α
353 3213 477 3260 caeterisue
491 3213 643 3277 elephantis?
686 3215 735 3269 ris,
749 3213 843 3260 duabus
853 3213 989 3271 stabilibus.
1000 3241 1035 3250 -
1045 3216 1076 3260 In
1085 3214 1166 3263 altum
1175 3215 1200 3263 h.

132 3293 192 3341 Non
203 3291 296 3356 patitur
308 3306 365 3338 voe.
381 3292 469 3338 soluta.
486 3292 527 3339 ab
537 3292 643 3339 homini-
686 3292 704 3340 l.
718 3291 749 3339 de
761 3291 853 3349 lluvio,
865 3293 965 3357 proprie
978 3293 1008 3340 de
1020 3294 1089 3340 mari.
1099 3321 1136 3329 —
1148 3293 1202 3342 Ali-

131 3369 178 3417 bus
192 3385 263 3434 ergo3
276 3369 322 3417 etsi
340 3369 400 3416 alios
418 3385 469 3416 uon
482 3371 566 3433 posuit
581 3385 587 3418 :
601 3372 644 3433 qui
687 3382 805 3435 quantum
817 3372 921 3419 edebant
932 3373 1016 3434 junge.
1027 3400 1061 3408 —
1071 3373 1202 3423 Creverius

131 3459 213 3497 umen
230 3449 257 3496 in
275 3447 357 3497 verbis
372 3447 496 3511 prioribus
509 3449 643 3497 subintelli·
687 3450 746 3513 legit
761 3451 946 3514 trepidationem
961 3452 1021 3515 aliq.
1035 3453 1106 3515 quod
1118 3453 1202 3501 multis

132 3538 236 3589 guantur,
254 3543 308 3590 quae
321 3527 352 3574 ab
370 3527 423 3574 aliis
440 3538 494 3574 aeta
511 3539 643 3593 exponant.
689 3529 806 3592 exemplis
817 3541 916 3577 tuentur
926 3530 972 3576 viri
983 3529 1087 3589 docti,a
1098 3533 1202 3580 Dukoro

131 3610 173 3653 An
186 3621 203 3650 a
221 3606 291 3655 certis
296 3641 305 3663 ‚
321 3606 374 3653 soil.
386 3605 540 3665 bominibus,
555 3608 643 3670 quibus
686 3607 778 3655 laudati
789 3609 820 3656 ad
836 3609 887 3656 Liv.
900 3612 929 3666 l,
945 3612 990 3669 16,
1005 3627 1030 3657 n.
1044 3612 1058 3657 8
1071 3626 1078 3659 :
1092 3612 1137 3659 sed
1149 3612 1203 3659 vul·

89 3708 92 3714 -
133 3682 162 3729 id
184 3682 266 3730 datum
286 3685 380 3748 negotii
402 3686 486 3732 esset?
506 3687 643 3748 Utrumque
687 3687 813 3751 gataapud
822 3699 933 3735 nostrum
942 3689 1021 3737 multo
1033 3690 1203 3752 frequentius,

134 3761 242 3809 otiosum
251 3762 355 3810 videtur.
362 3766 404 3810 Au
414 3764 495 3811 soluta
503 3764 643 3811 alterarate
685 3767 761 3814 immo
773 3783 868 3831 semper
880 3769 996 3829 occurrit.
1011 3771 1056 3817 Eu.

132 3839 273 3903 legimust»
289 3842 374 3889 Bauer.
392 3843 417 3890 Si
434 3842 522 3906 Polyb.
531 3845 585 3902 111,
597 3845 642 3903 td,
724 3861 763 3894 12.
778 3849 861 3894 Donec
870 3847 974 3911 quietem
985 3848 1035 3911 ipse
1046 3848 1121 3895 timor
1123 3849 1204 3913 fecis·

134 3918 280 3976 contuleris,
294 3919 421 3981 probabile
437 3919 481 3978 fit,
499 3937 550 3969 non
564 3922 640 3970 inhia
684 3935 735 3980 set,
753 3925 864 3984 fecisset,
886 3937 914 3974 ut
929 3928 1102 3990 quiescerent,
1123 3929 1205 3992 quieti

65 4039 67 4044 .
132 3997 225 4055 verbis,
234 3996 310 4043 sedin
320 3999 485 4061 superioribus
494 3999 640 4062 viditatem,
685 4003 858 4062 consisterent;
873 4006 947 4052 Doer.
963 4033 999 4042 -
1012 4006 1132 4064 stabiles
1146 4007 1205 4056 vide

114 4107 116 4111 -
132 4086 157 4122 et
167 4075 296 4138 legendum
308 4092 359 4123 esse
369 4091 375 4124 :
384 4088 408 4123 et
421 4094 493 4140 prtum
504 4077 628 4141 elephanti
632 4114 638 4131 ,
685 4081 717 4128 ad
727 4097 780 4146 cap.
791 4083 815 4141 5,
829 4100 853 4130 n.
868 4098 907 4131 ιο.
