2662 4814
128 374 173 456 e
549 372 586 441 τ.
618 375 758 444 nvn
1049 356 1162 463 ttsl

127 517 295 564 «remus.
324 498 471 590 ltaque,
500 516 615 590 quum
643 495 843 592 longinqua
870 493 916 564 ab
941 493 1053 566 domo
1078 499 1185 568 instet

127 633 144 667 a
163 603 326 688 militiae,
346 603 600 701 incertumque
625 607 690 693 sit,
715 602 864 701 quando
885 603 1013 676 domos
1033 620 1184 690 vestras,

127 727 199 784 «et
225 737 305 808 quae
330 715 461 810 cuique
487 714 538 785 ibi
563 740 644 786 cara
667 730 773 802 sunt,
797 716 907 785 visuri
932 717 1027 800 sitis,
1050 717 1080 785 si
1106 717 1185 812 quis

126 854 142 888 a
160 836 319 895 vestrum
336 849 422 896 suos
441 826 594 896 invisere
612 825 710 912 vult,
731 839 972 897 commeatum
990 824 1049 895 do.
1066 826 1185 895 Primo

127 963 144 996 «
165 957 268 1020 vere,
287 932 409 1019 edico,
429 935 569 1023 adsitis,
592 950 649 1022 ut,
668 935 735 1006 diis
752 934 848 1006 bene
867 932 1096 1030 juvantibus,
1112 933 1186 1005 bel·

127 1074 143 1107 «
164 1044 241 1113 lum
252 1045 408 1141 ingentis
417 1047 538 1144 gloriae
551 1045 750 1143 praedaeque
759 1044 923 1116 futurum
933 1046 1186 1143 incipiamus.»

129 1153 307 1226 Omnibus
322 1153 409 1259 'fere
432 1157 574 1230 visendi
601 1156 731 1228 domos
758 1155 878 1228 oblata
907 1157 1006 1227 ultro
1030 1170 1188 1254 potestas

128 1280 228 1360 grata
246 1281 339 1353 erat,
361 1281 398 1337 et
413 1267 488 1362 jam
506 1266 793 1339 desiderantibus
810 1291 913 1355 suos,
932 1282 968 1338 et
988 1268 1133 1364 longius
1151 1268 1187 1336 in

127 1374 291 1447 futurum
310 1376 585 1473 providentibus
610 1375 839 1448 desiderium.
867 1381 935 1446 Per
954 1389 1075 1445 totum
1098 1388 1186 1444 tem·

127 1510 198 1582 pus
215 1485 365 1574 hiemis,
383 1488 485 1584 quies
505 1489 600 1557 iuter
617 1485 778 1573 labores,
802 1500 864 1556 aut
880 1488 954 1581 jam
977 1485 1186 1571 exhaustos,

126 1610 188 1666 aut
205 1620 291 1667 mox
305 1596 586 1686 exhauriendos,
600 1597 787 1669 renovavit
802 1620 956 1693 corpora
972 1596 1187 1691 animosque

128 1705 174 1777 ad
188 1707 310 1776 omnia
324 1705 370 1777 de
383 1709 525 1805 integro
539 1706 720 1806 patienda.
732 1711 826 1778 Vere
842 1707 959 1804 primo
971 1703 1017 1776 ad
1030 1705 1187 1776 edictum

130 1841 344 1888 convenere.
379 1817 580 1906 Hannibal,
615 1842 729 1914 quum
757 1817 994 1888 recensuisset
1025 1815 1188 1886 omnium

129 1926 261 1999 auxilia
279 1929 461 2025 gentium,
476 1927 595 2000 Gades
615 1926 800 2025 profectus
818 1927 962 1998 Herculi
977 1941 1061 1996 vota
1080 1923 1190 1994 exsol-

129 2037 229 2129 vit³;
255 2043 432 2137 novisque
457 2066 495 2113 se
521 2040 659 2140 obligat
684 2043 797 2129 votis,
816 2042 846 2113 si
868 2055 994 2112 caetera
1018 2061 1189 2136 prospera

129 2155 341 2226 evenissent.
365 2156 455 2227 Inde
477 2156 636 2252 partiens
654 2179 757 2225 curas
776 2152 883 2225 simul
905 2153 943 2221 in
960 2148 1188 2221 inferendum

130 2277 241 2360 atque
260 2264 457 2336 arcendum
477 2265 632 2355 bellum,
657 2291 727 2354 ne,
750 2265 839 2335 dum
856 2266 933 2362 ipse
948 2261 1111 2333 terrestri
1128 2282 1189 2356 per

131 2375 337 2472 Hispaniam
362 2376 567 2472 Galliasque
592 2377 722 2447 itinere
747 2375 885 2446 Italiam
911 2385 1069 2469 peteret,
1093 2366 1190 2438 nuda

132 2498 328 2581 apertaque
354 2489 524 2558 Romanis
553 2486 671 2559 Africa
694 2485 740 2557 ab
768 2486 913 2557 Sicilial
936 2496 1049 2570 esset,
1073 2476 1190 2554 valido

130 2595 297 2691 praesidio
319 2594 463 2668 firmare
489 2622 567 2669 eam
587 2599 721 2669 statuit.
740 2601 810 2667 Pro
830 2622 874 2668 eo
896 2593 1191 2691 supplementum

130 2705 226 2801 ipse,
247 2730 290 2775 ex
317 2705 453 2794 Africa,
475 2709 629 2778 maxime
657 2707 896 2803 jaculatorum
926 2704 1059 2773 levium
1087 2704 1192 2774 armis

131 2814 254 2910 petiit,
275 2828 316 2883 ut
334 2813 410 2885 Afri
425 2817 463 2886 in
482 2817 671 2913 Hispania,
686 2819 725 2887 iu
742 2815 861 2887 Africa
878 2813 1042 2910 Hispani,
1065 2813 1193 2886 melior

131 2925 259 3021 procul
276 2923 322 2994 ab
341 2926 451 2997 domo
472 2924 616 2998 futurus
634 2943 789 3023 uterque
810 2926 930 3013 miles,
944 2922 1042 2994 velut
1058 2923 1194 2992 mutuis

133 3031 346 3130 pignoribus
378 3034 527 3135 obligati
544 3033 575 3124 ⁵,
603 3037 781 3136 stipendia
807 3033 976 3106 facerent.
1002 3030 1194 3103 'Tredecim

132 3144 244 3217 millia
261 3145 490 3243 octingentos
507 3149 770 3246 quinquaginta
786 3145 924 3243 pedites
944 3139 1118 3215 cetratos⁶
1134 3143 1196 3213 mi·

167 3352 191 3383 n.
206 3337 351 3402 Louginqua
363 3338 396 3384 ab
409 3337 482 3384 domo
497 3337 569 3385 iustet
581 3338 642 3384 mili·
685 3339 734 3385 Pal.
754 3338 806 3394 111,
827 3337 889 3384 forte
908 3335 1005 3382 rectius.
1023 3337 1143 3398 Prospere
1154 3350 1195 3383 ue·

133 3413 217 3472 tia‚·v.
230 3416 263 3463 ad
276 3417 331 3474 111,
346 3417 458 3476 o,n.5‚
474 3428 499 3465 ct
512 3419 641 3475 xxxvl,
685 3416 865 3472 nissent,·Flor.
1109 3418 1113 3425 '

136 3507 180 3551 ιο,
192 3511 217 3542 n.
230 3495 255 3544 6.
265 3522 301 3532 -
312 3496 478 3543 Οοιηιηιαιωη
487 3496 534 3552 do,·
545 3496 642 3544 vidend
721 3503 745 3551 4.
756 3494 833 3542 Nuda
841 3504 975 3558 apertaque
983 3491 1100 3541 Romanis
1106 3491 1195 3558 Africa

133 3573 158 3630 l,
168 3572 211 3632 57,
222 3589 248 3621 n.
259 3590 285 3622 a.
299 3576 337 3624 Cf,
351 3574 439 3640 Polyb.
450 3577 501 3634 III,
514 3575 555 3622 33.
685 3576 717 3622 ab
726 3574 824 3630 sattim
834 3590 858 3620 v.
870 3572 902 3619 ad
913 3572 993 3630 VIII,
1006 3587 1047 3632 17,
1058 3588 1083 3619 n.
1097 3571 1121 3618 5.
1131 3572 1195 3620 Mox

167 3651 191 3699 3.
205 3651 287 3701 Gades
290 3654 415 3720 profectus
422 3654 522 3702 Herculi
529 3666 590 3702 vota
599 3671 640 3702 ea·-
676 3655 782 3722 firmare
791 3664 815 3699 et
823 3667 886 3710 eam,
894 3651 934 3698 vel
945 3652 1118 3714 Metagoneam
1129 3651 1197 3712 conj.

130 3729 218 3786 solrit;
229 3731 281 3780 vid.
290 3733 322 3781 ad
330 3734 373 3782 Sil.
383 3735 435 3793 111,
447 3734 590 3789 vlt-Si
599 3750 641 3782 cce
685 3734 761 3780 Gron.
774 3732 865 3781 Confer
875 3729 962 3793 Polyb.
972 3731 1025 3788 111,
1037 3730 1083 3788 33,
1092 3729 1160 3778 unde
1172 3741 1197 3779 et

130 3821 183 3856 tera
188 3826 308 3874 prospera
317 3813 458 3871 creuissent,
466 3826 496 3862 ut
503 3815 638 3873 xxxva,
686 3812 810 3877 sequeutia
823 3821 880 3858 sunt
889 3809 982 3856 hausta.

132 3896 178 3948 473
191 3889 274 3947 XLII,
288 3893 335 3946 aa,
349 3903 374 3940 et
386 3893 452 3956 apud
468 3893 525 3941 Sall.
540 3895 567 3939 B.
584 3895 637 3942 Cat.
722 3892 746 3938 5.
761 3892 831 3938 Velut
839 3887 926 3936 mutuis
932 3886 1074 3952 pignoribus
1084 3887 1196 3954 oblrgati,

133 3983 180 4028 22,
194 3967 285 4032 probb.
300 3971 378 4018 Gron.
392 3983 417 4019 et
429 3972 503 4020 Drak.
514 3983 542 4019 ut
555 3971 642 4033 adject.
687 3984 715 4019 ut
729 3971 794 4036 apud
808 3968 896 4033 Polyb.
907 3968 924 4014 1.
934 3967 952 4014 l.
974 3960 1127 4035 iadeopst'ror
1153 3969 1196 4025 τὴν

131 4063 178 4112 pro
193 4047 248 4095 adv.
262 4049 369 4112 positum
382 4052 423 4099 sit.
436 4051 463 4098 Sl
473 4063 562 4098 coetera
575 4051 643 4116 (quae
688 4051 807 4118 ἑκατέρων
821 4049 888 4107 tritu
907 4046 938 4106 εἰς
952 4045 1075 4105 sillitana

132 4127 300 4194 meditaretur)
308 4145 424 4193 prospere
436 4146 449 4175 c
461 4132 532 4180 MSS.
544 4132 604 4178 Rec.
619 4142 643 4179 et
724 4133 748 4178 6.
762 4130 856 4177 Pedites
873 4139 978 4176 cetratos
990 4127 1037 4193 (al.
1054 4126 1200 4194 cetratos),
