2662 4814
141 349 185 421 50
546 350 586 413 r.
622 349 760 415 Livii
1059 326 1179 434 agga:

138 472 316 571 perlatum
343 481 379 538 et
404 467 579 564 punicum
606 468 755 564 insuper
781 467 908 563 gallico
934 466 1032 539 bello
1056 484 1203 540 auctum

135 591 256 656 Patres
277 593 512 676 acceperunt,
532 583 568 648 C.
584 578 731 648 Atilium
754 592 945 675 praetorem
962 602 1046 648 curn
1065 596 1139 649 una
1157 580 1203 650 le-

138 698 244 790 gione
257 700 439 775 romana1,
453 704 488 759 et
503 689 668 784 quinque
680 686 839 758 millibus
849 689 1048 777 sociorum,
1060 688 1204 760 delectu

90 834 92 839 ·
137 828 234 875 novo
266 826 286 870 a
317 800 464 870 consule
493 799 726 895 conscriptis,
751 798 924 868 auxilium
950 797 1044 869 ferre
1068 800 1203 870 Manlio

134 914 289 1010 jubent:
310 912 374 1006 qui
396 911 473 980 sine
498 909 574 978 ullo
599 909 794 980 certamine
818 908 1083 1004 (abscesserant
1107 911 1204 978 enim

137 1039 238 1095 metu
259 1020 401 1115 hostes)
420 1026 598 1090 Tanetum
619 1020 796 1115 pervenit.
817 1025 860 1090 Et
883 1024 920 1089 P.
937 1019 1148 1107 Cornelius,
1168 1023 1204 1090 iu

136 1135 258 1205 locum
285 1133 386 1226 ejus,
416 1157 496 1228 quae
522 1131 629 1200 missa
651 1155 733 1199 cum
757 1145 911 1226 praetore
937 1130 1073 1216 fuerat,
1105 1147 1205 1209 tran-

137 1246 269 1341 scripta
293 1243 437 1340 legione
467 1267 580 1327 nova,
609 1240 793 1337 profectus
821 1241 866 1312 ab
898 1241 991 1313 urbe
1020 1245 1206 1340 sexaginta

135 1354 252 1451 longis
279 1349 475 1438 navibus2,
498 1365 628 1447 praeter
649 1376 749 1421 oram
768 1354 917 1422 Etruriae
938 1355 1207 1451 Ligurumque,

136 1478 172 1534 et
197 1461 282 1532 inde
305 1461 450 1555 Salyum
476 1475 618 1545 montes
633 1457 660 1548 ³,
680 1462 845 1558 pervenit
865 1462 1075 1551 Massiliam,
1101 1479 1147 1534 et·
1160 1464 1216 1535 arl

135 1574 340 1670 proximum
363 1573 496 1642 ostium
520 1570 710 1641 Rhodani‘*
733 1571 923 1668 (pluribus
947 1573 1045 1642 enim
1069 1573 1220 1646 divisus

135 1685 250 1755 amnis
273 1685 311 1752 in
332 1707 430 1753 mare
454 1680 636 1777 decurrit)
663 1695 776 1752 castra
797 1683 920 1753 locat:
947 1682 1097 1756 vixdum
1122 1687 1212 1755 satis

135 1794 309 1882 credens,
338 1791 577 1863 Hannibalem
608 1814 794 1887 superasse
825 1796 1013 1888 Pyrenaeos
1046 1807 1208 1864 montes.

51 1912 53 1917 ’
137 1910 256 1997 Quem
281 1919 322 1974 ut
349 1903 394 1974 de
419 1900 587 1973 Rhodani
612 1926 760 1997 quoque
788 1902 941 1971 transitu.
966 1902 1099 1997 agitare
1128 1903 1204 1972 ani·

135 2017 343 2104 madvertit,
361 2017 539 2102 incertuS,
556 2037 716 2109 quonam
733 2014 766 2082 ei
781 2012 863 2082 loco
879 2026 1103 2093 occurreret,
1122 2025 1202 2082 n'ec·

135 2126 221 2196 dum
245 2127 328 2197 satis
348 2123 490 2195 refectis
511 2122 556 2194 ab
573 2122 768 2218 jactatione
789 2117 994 2192 maritin1a5
1012 2121 1200 2210 militibus,

134 2251 317 2308 trecentos
331 2237 477 2307 iuterim
492 2235 652 2306 delectos
667 2235 825 2330 equites,
844 2231 996 2302 ducibus
1010 2233 1199 2304 Massilien-

132 2347 232 2418 sibus
261 2361 296 2417 et
325 2346 557 2417 auxiliaribus
584 2345 724 2436 Gallis,
742 2345 786 2415 ad
807 2343 1037 2439 'exploranda
1063 2345 1198 2430 omnia,

133 2454 376 2551 visendosque
395 2481 440 2526 ex
459 2470 541 2526 tuto
561 2455 684 2526 hostes
703 2455 897 2553 praemittit.
920 2451 1120 2539 Hannibal,
1140 2477 1198 2523 cae-

133 2567 218 2636 teris
240 2580 341 2636 metu
361 2578 422 2634 aut
446 2566 565 2661 pretio
585 2567 736 2663 pacatis,
754 2565 828 2658 jam
850 2566 889 2633 in
903 2563 1098 2634 Volcarum
1120 2587 1198 2659 per-

133 2690 280 2745 venerat
304 2699 450 2771 agrum,
476 2675 593 2770 gentis
616 2674 741 2745 validae
754 2671 779 2744 ⁶.
808 2675 943 2747 Colunt
966 2675 1200 2749 autem'circa

319 2806 330 2829 .,
1017 2825 1020 2829 Ι

167 2843 333 2891 Ciaxxvt.
344 2858 366 2890 1.
377 2845 431 2888 Una
438 2842 532 2906 legieris
539 2859 643 2890 romana
688 2845 772 2891 confer
788 2846 850 2893 Plin.
867 2848 919 2904 III,
939 2853 968 2902 4,
984 2861 1027 2892 seu
1043 2845 1072 2903 5,
1082 2855 1107 2892 et
1124 2845 1198 2893 Strab.

132 2923 205 2970 altera
220 2937 313 2979 earum,
328 2936 381 2984 quae
395 2921 507 2985 Scipioni
520 2934 588 2969 erant
602 2923 643 2969 da·
690 2923 736 2981 IV,
753 2925 805 2989 r,§
820 2927 849 2982 8,
862 2941 888 2987 p.
905 2925 962 2971 183.

132 3013 162 3050 eae
174 3000 240 3067 (vide
257 2999 288 3046 ad
300 3016 353 3062 cap.
367 2998 408 3063 17)
423 3015 429 3048 :
444 3000 509 3047 unde
526 3001 550 3048 in
566 3001 645 3048 Iocum
725 3004 749 3053 5.
759 3004 798 3050 Ab
804 3003 943 3067 jactatione
952 3002 1090 3059 maritima,
1104 3005 1200 3051 narium

132 3080 184 3145 ejus
192 3078 338 3141 transcripta
353 3077 493 3142 (translata,
507 3080 645 3141 substituta,
689 3083 715 3129 in
724 3081 797 3139 mari,
808 3097 862 3144 quae
875 3092 898 3129 et
911 3082 1052 3144 fatigaverat
1063 3082 1167 3141 milites,
1178 3094 1200 3130 et

132 3174 199 3206 novo
219 3157 316 3204 delectu
332 3155 434 3215 habito,
456 3159 504 3204 nisi
522 3158 569 3222 leg.
588 3176 644 3206 con·
689 3177 802 3207 nauseam
816 3161 846 3206 iis
861 3172 991 3209 creaverat.
1002 3161 1094 3210 Confer
1104 3161 1199 3226 adcap.

131 3237 235 3302 scripta,
251 3236 290 3283 vel
300 3234 401 3298 scripta)
412 3235 555 3299 legionesa.
690 3241 763 3297 48,n.
776 3239 791 3285 5
794 3275 800 3286 .
808 3267 842 3274 -
853 3241 978 3286 Trecentos
987 3239 1092 3287 delectos
1101 3240 1197 3304 equites,

167 3335 192 3364 a,
204 3313 330 3380 Profectus
342 3315 373 3360 ab
385 3314 448 3360 Urbe
459 3316 506 3360 LX
517 3316 646 3380 longisna-
662 3323 664 3326 ’
689 3318 771 3366 CCCC
787 3320 849 3365 MSS
863 3318 930 3366 Harl.
946 3330 969 3365 et
980 3319 1069 3383 Polyb.
1085 3322 1137 3379 111,
1154 3327 1199 3377 413

133 3397 197 3444 vibus
206 3395 283 3458 (conf.
293 3392 325 3440 ad
333 3409 387 3456 cap.
402 3407 442 3453 17,
453 3409 480 3440 n,
494 3392 532 3458 5),
543 3411 594 3441 non
603 3396 644 3441 iti·
690 3414 720 3444 ex
736 3413 785 3459 quo
805 3398 877 3444 etiam
895 3398 994 3444 ducibus
1013 3397 1199 3445 Massiliensium

88 3527 93 3535 ‚
133 3492 191 3522 nere
208 3473 324 3538 pedestri.
345 3471 415 3518 Idem
435 3473 509 3520 tradit
527 3475 644 3538 Polybius
689 3476 852 3523 auxiliaribus
866 3476 944 3523 Gallis
958 3477 1049 3536 conjici
1062 3493 1137 3541 posse
1149 3491 1198 3524 mo·

134 3557 185 3610 111,
197 3562 238 3608 41.
422 3580 425 3585 ·
688 3565 731 3600 net
744 3555 818 3601 Drak.

170 3633 193 3678 3.
207 3631 305 3693 Salyum
319 3639 410 3677 montes
415 3648 425 3686 ,¹
440 3629 495 3676 vide
510 3630 541 3677 ad
547 3633 580 3689 V,
596 3633 643 3689 34,
724 3634 748 3679 6.
759 3635 788 3678 1η
798 3633 929 3679 Volcarum
939 3649 1037 3696 agrum,
1048 3633 1128 3697 geretis
1136 3632 1197 3681 vali·

131 3728 156 3758 n.
177 3725 204 3769 7,
223 3719 247 3755 et
265 3709 349 3755 confer
365 3709 524 3780 Strabonem,
540 3711 590 3768 1v,
614 3725 642 3766 1,
688 3711 899 3766 dce,·notiVolcec
913 3714 1054 3775 Tectosages
1064 3723 1089 3758 et
1102 3715 1129 3759 V.
1139 3714 1198 3759 Are-

132 3807 157 3854 p.
176 3789 233 3834 181.
687 3789 785 3846 cornici,
801 3806 843 3836 seu
855 3790 989 3837 Aricomici
1003 3800 1028 3837 et
1041 3789 1197 3838 Aricomisci.

168 3876 192 3922 4.
205 3864 249 3912 Ad
253 3864 395 3927 proximum
409 3865 496 3913 ostium
512 3865 627 3912 Rhodani
631 3901 639 3922 ,
687 3868 788 3916 illorum
802 3868 894 3933 oppida
906 3869 991 3915 Narbo
1005 3868 1109 3915 Martius
1123 3866 1197 3932 (hod.

129 3947 156 3998 rb
170 3945 377 3996 Μασσαλιωτικὸν
395 3945 461 4008 apud
480 3943 568 4008 Polyb.
589 3947 642 4001 111,
685 3946 845 4010 Narbonae),
854 3947 943 3993 Tolosa
952 3946 1042 4011 (hodie
1054 3943 1197 4010 Toulouse),

128 4033 170 4081 41.
179 4026 216 4071 De
227 4024 297 4070 ostiis
307 4023 434 4081 Rhodani,
443 4024 469 4069 iu
481 4024 593 4070 aestuario
603 4024 639 4070 di·
685 4028 804 4083 Leucaro,
814 4027 989 4084 Carcasso,et,
998 4041 1050 4088 cap.
1062 4033 1096 4080 al,
1105 4041 1196 4073 memo·

125 4103 197 4172 visis,
211 4119 346 4168 parvasque
359 4102 521 4158 formantibus
535 4102 638 4160 insulas,
684 4105 864 4163 rata,llliberis
878 4115 902 4151 et
913 4104 1040 4151 Ruscino:
1053 4101 1143 4150 borum
1153 4105 1196 4153 Ne·
