2662 4814
80 323 209 430 ῧςὲῑςςξς
270 345 423 411 tisun
449 346 550 411 xxi.
579 345 683 412 oar.
705 346 790 412 vn.
814 346 924 414 vin.
1091 376 1135 448 ,9

54 468 201 533 animus
221 479 318 534 erat:
340 463 473 560 quibus
492 465 736 535 tumultuariis
758 465 1017 538 certaminibus
1035 470 1133 545 haud

54 573 171 646 ferme
185 575 311 672 plures
326 577 515 672 Saguntini
527 575 721 664 cadebant,
733 602 843 673 quam
856 581 967 649 Poeni.
985 586 1034 653 Ut
1047 609 1135 658 vero

56 685 240 756 Hannibal
253 687 347 782 ipse,
362 687 449 756 dum
464 711 609 756 murum
622 688 800 757 incautius
815 688 927 776 subit,
943 690 1134 766 adversum

58 796 176 868 femur
195 797 335 893 tragula
356 799 510 893 graviter
527 793 643 868 ictus6
658 797 805 884 cecidit;
820 812 918 870 tanta
939 801 1031 873 circa
1050 801 1135 902 fuga

58 934 97 979 ac
112 909 310 1006 trepidatio
324 906 407 996 fuit,
423 923 464 979 ut
480 934 557 978 non
574 908 729 978 multum
746 907 902 997 abesset,
917 912 1007 1006 quin
1022 938 1134 1011 opera

59 1045 98 1091 ac
117 1021 234 1089 vinem
251 1018 515 1089 desererentur.

104 1136 203 1202 VIII.
222 1130 374 1202 Obsidio
397 1130 530 1202 deinde
546 1155 612 1228 per
631 1155 768 1228 paucos
784 1130 861 1203 dies
879 1137 1008 1232 magis,
1022 1125 1134 1234 quam

60 1242 286 1339 oppugnatio
313 1239 406 1328 fuit,
435 1239 522 1311 dum
550 1241 681 1311 vulnus
707 1240 809 1311 ducis
837 1259 1034 1316 curaretur.
1070 1253 1138 1319 Per

61 1351 159 1448 quod
181 1367 327 1448 tempus
346 1366 386 1421 ut
403 1353 506 1448 quies
525 1353 764 1422 certaminum
784 1368 878 1440 erat,
895 1356 943 1425 ita
959 1355 1005 1427 ab
1023 1382 1134 1456 appa·

61 1475 139 1531 ratu
159 1486 317 1559 operum
343 1486 384 1531 ae
411 1462 656 1531 munitionum
680 1462 770 1532 nihil
793 1479 981 1535 cessatum.
1007 1473 1134 1565 Itaque

63 1574 178 1642 acrius
201 1573 248 1642 de
270 1575 412 1669 integro
432 1571 603 1643 obortum
631 1588 683 1643 est
704 1572 842 1644 bellum
856 1586 881 1661 ¹,
895 1576 1137 1675 pluribusque

62 1682 245 1778 partibus,
271 1685 330 1752 vix
356 1683 616 1781 accipientibus
641 1683 857 1781 quibusdam
887 1713 998 1784 opera
1025 1691 1134 1780 locis,

62 1794 171 1864 vineae
186 1809 314 1891 coeptae
326 1797 400 1892 agi,
413 1794 672 1894 admoverique
686 1799 790 1868 aries.
806 1798 1025 1871 Abundabat
1039 1804 1136 1872 mul-

62 1904 218 1975 titudine
236 1904 427 1975 hominum
446 1910 598 1994 Poenus,
612 1907 656 1976 ad
673 1922 821 1978 centum
839 1911 934 1979 enim
951 1912 1133 2007 qninqua-

62 2017 159 2110 ginta
172 2016 284 2086 millia
297 2016 466 2088 habuisse
478 2019 515 2087 in
526 2021 633 2088 armis
643 2021 726 2089 satis
739 2019 934 2090 creditur².
951 2024 1136 2120 Oppidani

62 2125 104 2195 ad
123 2127 248 2196 omnia
262 2128 397 2197 tuenda
411 2141 520 2223 atque
539 2128 710 2200 obeunda
724 2128 954 2200 multifariam
971 2130 1135 2203 distineri

61 2238 172 2333 coepti
182 2251 289 2306 sunt:
306 2252 434 2338 etnon
451 2237 679 2309 sufficiebant
695 2240 787 2334 (jam
802 2243 898 2308 enim
910 2239 1138 2314 feriebantur

61 2347 249 2444 arietibus)
261 2351 373 2435 muri,
389 2363 637 2443 quassataeque
651 2350 773 2418 multae
789 2363 909 2445 partes
927 2366 1041 2421 erant.
1053 2358 1135 2423 Una

61 2527 223 2574 munientibus
234 2525 304 2588 pati,
319 2542 364 2572 nec
380 2525 514 2587 quidquam
527 2523 577 2570 loci
621 2523 815 2587 Acequ'entibus,
830 2525 994 2588 capientibus3
1003 2529 1135 2578 strothius.

61 2607 198 2654 concedere
205 2605 382 2662 munitoribus,
392 2605 435 2650 ubi
444 2604 480 2650 illi
490 2605 577 2664 ajactu
657 2620 682 2650 2.
694 2603 758 2650 Satis
773 2603 894 2660 creditur,
911 2604 969 2651 satis
987 2618 1067 2665 certO,
1083 2625 1136 2657 non

62 2687 167 2734 telorum
179 2685 237 2732 satis
248 2686 296 2732 tuti
308 2696 401 2743 essent;
415 2686 489 2730 Doer.
621 2694 719 2730 temere.
729 2685 791 2729 Voc.
802 2682 862 2729 satis
872 2682 1037 2744 admitterem,
1048 2688 1069 2733 si
1080 2705 1136 2736 con·

98 2769 123 2813 6.
135 2765 271 2812 Adversum
282 2753 374 2830 (satit)
382 2763 468 2827 femur.
480 2762 578 2826 tragula
622 2774 686 2819 stat,
698 2779 748 2809 non
758 2762 877 2818 creditur,
890 2776 1031 2826 sequeretur
1042 2781 1048 2814 :
1059 2769 1137 2816 sedet

58 2845 168 2909 graviter
183 2844 256 2901 ictus,
276 2845 325 2891 telo
344 2843 450 2906 quodam
463 2843 578 2902 hamato;
623 2842 665 2888 vix
685 2859 748 2889 unus
762 2842 825 2889 liber
842 2842 930 2902 habet3
952 2845 1037 2893 Bauer.
1056 2847 1138 2896 Habet

62 2923 216 2987 quodVarro
227 2926 253 2970 L.
262 2926 288 2972 L.
297 2925 342 2980 IV,
353 2931 400 2979 24,
412 2921 578 2982 atrajieiendo
623 2924 668 2969 MS
683 2922 748 2969 Flor.
764 2933 788 2969 et
804 2923 913 2986 optimus
928 2924 1012 2983 Crev.;
1026 2926 1136 2991 illudque

63 3004 156 3052 dietum
166 3015 264 3062 monet;
277 3003 438 3051 Strotb.Rem
450 3002 580 3048 exornavit
623 3001 682 3047 satis
697 3001 767 3048 Livio
785 3002 811 3046 in
828 3002 923 3048 deliciis
938 3003 1025 3063 fuisse,
1046 3005 1137 3054 docent

62 3083 105 3130 Sil.
115 3085 140 3142 1,
151 3083 203 3131 535
214 3100 250 3146 sq.
262 3111 296 3119 —
307 3085 362 3130 Hoc
375 3084 450 3131 telum
463 3080 580 3128 validissi-
624 3079 689 3126 Duk.
699 3080 730 3125 ad
739 3079 765 3128 h.
778 3081 795 3127 l.
808 3092 832 3127 et
844 3081 919 3128 Drak.
935 3083 967 3129 ad
976 3085 1079 3142 XXVI,
1092 3086 1134 3143 51,

62 3179 130 3210 mum
143 3163 218 3211 luisse
232 3175 333 3227 apparet
349 3180 380 3211 ex
389 3163 463 3211 Suidn
477 3163 503 3208 in
518 3177 580 3208 voce
624 3175 649 3204 n.
663 3175 686 3206 2.
704 3187 738 3194 -
752 3160 825 3208 Multi
835 3160 915 3206 ariam
931 3161 975 3227 (al.
991 3163 1136 3210 multimoda

62 3243 171 3306 κάτταςς
182 3254 310 3301 caeterum,
321 3260 375 3307 quae
384 3244 458 3290 fuerit
469 3245 521 3304 ejus
531 3242 580 3288 for·
624 3237 691 3305 arte)
701 3239 825 3296 distineri,
835 3239 937 3289 distrahi
947 3276 954 3299 ,
963 3243 1003 3288 vel
1012 3242 1137 3305 Impedirt,

62 3339 116 3380 tna,
129 3339 217 3386 parurn
226 3323 313 3386 liquet.
328 3325 374 3370 En.
624 3335 674 3380 quo
690 3319 770 3366 minus
784 3320 866 3366 omnia
881 3331 981 3383 possent
996 3322 1074 3379 tueri,
1090 3334 1136 3370 etr.

99 3403 161 3449 Car.
177 3404 248 3450 vm.
267 3419 289 3451 1.
302 3404 417 3449 Obortnm
431 3412 466 3447 est
477 3401 577 3457 bellum,
624 3398 715 3447 Confer
723 3399 755 3445 ad
764 3401 801 3458 II,
818 3400 857 3454 15,
871 3416 896 3445 n.
913 3401 942 3456 3,
956 3410 980 3445 et
991 3401 1044 3458 III,
1059 3403 1101 3460 23,
1109 3419 1136 3452 n.

63 3483 188 3546 praelium,
204 3494 232 3530 ut
243 3483 365 3552 πόλεμος,
382 3493 516 3537 certamen,
535 3497 580 3544 op·
629 3492 649 3522 1.
659 3504 694 3512 -
706 3479 739 3523 Et
746 3494 795 3524 non
805 3477 959 3543 sufficiebant
972 3479 1047 3536 muri,
1059 3482 1137 3529 seille.

63 3563 200 3625 pugnatio,
214 3579 289 3625 opera
299 3563 395 3610 bellica.
410 3561 481 3610 Conf.
489 3562 581 3617 XLIV,
624 3555 749 3603 adomnia
763 3557 867 3614 tuenda3
881 3558 955 3602 Doer.
969 3558 999 3602 In
1012 3557 1069 3606 edd.
1081 3572 1137 3608 ante

66 3642 113 3699 343
131 3641 206 3687 Drak.
221 3641 254 3688 ad
266 3643 320 3699 III,
335 3641 383 3699 61,
400 3657 424 3688 n.
439 3657 466 3695 ας
485 3655 531 3686 nos
548 3639 580 3685 ad
624 3636 699 3682 Dralr.
707 3637 840 3698 legitur3et
850 3651 898 3680 non
908 3634 1078 3701 sufficiebant:
1080 3640 1137 3704 jam

64 3722 109 3769 Sil.
121 3723 204 3779 I,621
215 3739 222 3778 ;
234 3721 266 3768 ad
278 3723 336 3767 Tac.
345 3723 393 3766 An.
404 3722 445 3777 II,
458 3720 504 3776 52,
515 3735 539 3765 n.
551 3719 578 3777 83
624 3714 777 3779 enimferieb.
788 3714 857 3762 ariet.
868 3713 938 3760 muri.
948 3716 1140 3782 Quassatoequo·

63 3803 134 3850 Cort-
150 3801 183 3847 ad
200 3801 296 3848 Sallust.
314 3800 339 3846 h.
355 3801 407 3848 Cat.
422 3817 445 3860 9.
463 3799 580 3845 Obortum
625 3795 775 3857 quemnltce,
788 3805 834 3840 etc.
845 3815 857 3833 «
867 3795 948 3854 Quum
957 3798 1080 3858 praecedat
1091 3798 1138 3846 dis-

63 3894 112 3944 pro
125 3891 260 3927 coortum:
280 3879 323 3926 sed
338 3878 430 3926 oboriri
446 3888 516 3925 notat
529 3893 581 3923 rem
626 3875 697 3920 tineri
713 3874 785 3936 coeptt'
801 3884 869 3928 suist,
893 3888 938 3934 ego
955 3876 1029 3922 verba
1047 3890 1071 3924 et
1088 3895 1137 3925 non

63 3960 231 4023 inopinatam,
244 3958 383 4006 turbantem
400 3969 495 4021 coepta,
515 3968 580 4004 certe
624 3954 778 4020 sufficiebant
786 3969 832 4017 pro
843 3953 985 4015 glossemate
996 3957 1088 4005 dudum
1097 3959 1138 4005 ha·

64 4051 173 4103 sperata:
183 4039 224 4086 hic
231 4039 329 4085 tertium
337 4053 436 4101 quoque
444 4036 580 4094 accesserit,
624 4034 675 4081 bui.
687 4037 763 4081 Gron.
774 4049 817 4096 per
827 4033 938 4096 parenth.
951 4034 1016 4097 legit.
1024 4040 1140 4102 Ineptum

63 4131 123 4166 ante
144 4118 236 4166 moenia
256 4117 424 4176 obsessorum
442 4118 527 4164 Buner.
546 4143 581 4154 --
626 4130 683 4160 sane
697 4113 808 4172 videtur3
822 4128 867 4160 nec
881 4113 946 4158 enim
959 4113 1049 4164 dixeris
1059 4131 1066 4165 t
1076 4116 1140 4164 muri

927 4225 964 4267 2·.

1186 4264 1256 4540 (
