2632 4808
210 338 255 411 58
634 347 671 413 r.
704 348 845 415 mvn
945 434 951 443 ,
1121 328 1242 434 llll.
1303 406 1308 455 ,

202 461 308 532 riculi
326 461 422 550 fore,
437 461 671 553 affirmantes,
688 468 829 563 integro
845 466 942 537 bello
952 477 978 553 ⁷,
992 491 1173 563 nusquam
1189 484 1264 542 ante

202 571 323 644 libatis
340 571 496 662 viribus,
514 575 653 644 Italiam
673 576 947 672 aggrediendam
967 590 1127 646 censent.
1148 578 1263 648 Multi·
1305 592 1308 613 ¹

202 682 293 752 tudo
308 681 457 754 timebat
470 684 619 780 quidem
635 685 796 775 hostem,
810 687 974 757 nondum
989 687 1181 757 obliterata
1193 714 1263 760 me·
1303 736 1308 787 5

203 794 318 862 moria
337 796 532 890 superioris
547 793 657 866 belli:
677 797 740 867 sed
758 799 871 895 magis
889 800 959 868 iter
977 800 1195 868 immensum
1209 800 1263 871 Al-
1303 790 1307 821 ⁵

202 929 343 1002 pesque
358 901 393 993 ⁸,
419 930 497 976 rem
526 903 619 977 fama
647 909 774 1004 utique
803 911 1000 1007 inexpertis
1027 909 1263 997 horrendam,

204 1013 402 1086 metuebat.

222 1198 224 1203 ,
252 1129 360 1195 XXX.
391 1131 518 1221 Itaque
546 1126 746 1215 Hannibal,
774 1142 967 1225 postquam
995 1129 1061 1224 ipsi
1092 1130 1265 1200 sententia
1305 1146 1308 1197 ἰ

204 1237 302 1306 stetit
312 1247 323 1278 1
335 1261 486 1333 pergere
499 1238 567 1325 ire,
581 1253 690 1333 atque
701 1238 839 1309 Italiam
854 1253 994 1334 petere,
1004 1238 1176 1309 advocata
1192 1262 1268 1308 eon·
1305 1304 1308 1309 .

203 1347 325 1435 cione,
337 1349 433 1417 varie
448 1346 602 1417 militum
614 1362 732 1418 versat
747 1349 886 1417 animos
896 1359 909 1389 ²
921 1348 1127 1444 castigando
1139 1345 1267 1416 adhor-

204 1456 402 1553 tandoque.
423 1463 555 1527 Mirari
570 1483 624 1544 se,
644 1463 798 1554 quinam
812 1474 964 1555 pectora
987 1471 1129 1554 semper
1153 1462 1268 1553 impa-

204 1564 291 1634 vida.
310 1591 437 1662 repens
455 1582 568 1637 terror
587 1573 763 1638 invaserit.
791 1573 864 1638 Per
881 1583 932 1638 tot
949 1593 1066 1638 annos
1089 1572 1270 1638 uincentes
1301 1598 1308 1641 ,·

203 1698 266 1743 eos
282 1674 462 1770 stipendia
469 1678 615 1766 saeere;
634 1701 751 1774 aeque
766 1693 851 1748 ante
864 1679 1045 1774 Hispania
1060 1681 1267 1762 excessisse,

203 1810 318 1881 quam
337 1810 460 1879 opines
471 1803 665 1883 gentesque
678 1803 713 1857 et
728 1805 833 1857 terrae
847 1811 917 1866 ete,
936 1811 1028 1881 quas
1041 1785 1116 1854 duo
1130 1785 1271 1855 diversa

203 1892 344 1964 maria³
359 1895 640 1992 amplectantur,
658 1897 1004 1991 Carthaginiensium
1021 1909 1146 1964 essent.
1168 1895 1270 1963 Indi·

199 2021 330 2100 gnatus
349 2005 495 2093 deinde,
517 2008 636 2103 qaod,
656 2012 874 2101 quicumque
892 2009 1091 2099 Saguntum
1112 2003 1270 2074 obsedis-

201 2131 293 2201 sent,
314 2115 415 2187 uelut
436 2117 483 2187 ob
508 2142 666 2200 noxam,
689 2117 757 2187 sibi
782 2113 871 2184 dedi
888 2113 1090 2210 postularet
1105 2111 1233 2209 popul

203 2249 397 2310 romanus,
413 2226 558 2296 Iberum
574 2226 751 2318 trajecisse
768 2223 822 2293 ad
838 2223 1033 2293 delendum
1051 2248 1185 2293 nomen
1198 2228 1268 2293 Ro·

202 2358 415 2422 manorum,
445 2333 743 2428 liberandumque
774 2333 897 2402 orbem
931 2348 1107 2402 terrarum
1121 2335 1148 2401 Ι.
1181 2318 1297 2427 Tum·

201 2450 335 2513 nemini
352 2450 471 2513 uisum
493 2442 533 2510 id
555 2441 722 2538 longum,
744 2467 858 2538 quum
878 2441 927 2510 ab
952 2465 1082 2512 oeeasu
1109 2441 1197 2513 solis
1221 2443 1275 2512 ad

203 2569 350 2623 exortus
369 2551 591 2623 intenderent
609 2557 683 2620 iter.
702 2557 828 2636 Nune,
840 2567 1041 2647 postquam
1059 2550 1177 2621 multo
1197 2577 1272 2622 ma·
1306 2584 1308 2591 ’

193 2662 479 2759 jorempartem
501 2666 634 2732 itineris
653 2686 835 2731 emensam
859 2677 1027 2746 cernant,
1054 2667 1274 2753 Pyrenaeum

201 2770 333 2842 saltum
357 2774 704 2862 interferocissimas
725 2787 847 2869 gentes
869 2788 1095 2868 superatum,
1122 2771 1273 2841 Rhoda-

201 2908 310 2968 num,
336 2898 475 2953 tantum
497 2907 663 2967 amnem,
688 2897 740 2952 tot
760 2880 916 2952 millibus
933 2879 1126 2952 Gallorum
1138 2881 1270 2977 probi·

201 3069 356 3117 Mithridates
376 3080 401 3116 et
423 3067 607 3124 Mithradates,
634 3059 714 3119 lulo-
758 3071 821 3133 perti
836 3068 1108 3126 fuerantdtorrendam.
1124 3068 1218 3117 Confer
1228 3069 1272 3115 Sil.

202 3147 278 3209 Θάλης
303 3162 326 3198 et
352 3148 478 3205 Indibilis,
505 3149 668 3212 Hampsicora
690 3154 715 3195 et
760 3151 811 3205 ΙΙΙ,
827 3158 875 3208 477
891 3165 944 3211 seq.

201 3231 392 3293 Hampsacaras,
404 3227 508 3282 Κατάνῃ
520 3240 544 3275 et
553 3223 658 3285 Catium·
670 3231 713 3276 Gr.
794 3228 854 3274 Car.
866 3229 954 3274 XXX.
967 3243 988 3273 1.
999 3227 1052 3290 ipsi
1060 3224 1179 3274 sententia
1191 3225 1275 3282 stetit,-

202 3308 295 3355 Matali
307 3320 331 3355 et
344 3307 439 3354 Macoli
450 3308 475 3355 h.
488 3309 504 3354 l.
518 3308 629 3371 plerique
642 3309 712 3355 MSS.
759 3306 816 3352 vide
827 3305 858 3352 ad
872 3308 916 3364 IV,
934 3308 973 3363 13,
985 3322 1009 3352 n.
1023 3306 1047 3351 6.

239 3405 261 3448 7.
276 3390 374 3451 Integra
386 3388 447 3434 bella
461 3385 535 3451 (vide
549 3387 581 3433 ad
592 3389 632 3445 II,
647 3388 671 3445 t,
688 3402 712 3434 ιι.
794 3401 818 3430 a.
834 3385 907 3430 Varie
921 3385 1023 3431 militum
1037 3394 1122 3430 uersat
1136 3382 1234 3430 animas
1251 3400 1272 3430 a.

204 3464 243 3530 1),
255 3483 375 3530 nusquam
386 3477 443 3527 ante
456 3465 537 3512 libatis
551 3465 656 3521 viribus,
673 3467 715 3512 im·
758 3482 799 3519 a.‚·
812 3464 867 3510 vide
881 3464 912 3510 ad
928 3467 965 3520 II,
979 3464 1023 3519 ab,
1036 3480 1061 3511 u.
1073 3465 1098 3509 6.
1117 3463 1190 3510 Conf.
1207 3463 1276 3508 simi-

201 3547 301 3593 minutis
312 3547 410 3608 praelio,
420 3546 460 3593 vel
470 3546 575 3593 tentatis.
586 3573 619 3580 —
629 3545 712 3592 Multi·
757 3544 787 3590 lis
799 3543 878 3590 oratio
892 3542 1034 3590 Hannibalis
1052 3558 1091 3604 ap.
1112 3541 1202 3605 Polyb.
1222 3542 1276 3600 111,

202 3626 277 3680 tudo,
288 3625 377 3672 milites
391 3624 545 3671 Hannibalis.
761 3631 807 3678 tt,
821 3634 845 3669 et
857 3622 898 3668 Sil.
911 3625 965 3677 ΙΙΙ,
980 3622 1028 3667 503
1043 3637 1094 3682 seq.

238 3704 263 3752 8.
275 3705 327 3749 Iter
340 3704 479 3750 immensum
491 3705 624 3767 Alpesque,
637 3703 683 3748 iter
696 3701 713 3748 i.
794 3702 817 3746 3.
829 3703 884 3746 Duo
896 3700 990 3746 diversa
1000 3699 1094 3753 maria,
1105 3698 1235 3745 Mediterr.
1250 3709 1276 3746 et

202 3795 269 3831 trans
285 3782 376 3845 Alpes,
393 3800 443 3828 rem
453 3781 542 3846 fama,
561 3781 594 3828 ob
613 3781 713 3837 famam,
758 3781 885 3836 Oceanus3
899 3781 974 3825 Doer.

200 3872 303 3926 propter
314 3877 353 3918 ea,
363 3878 416 3922 quar
427 3862 457 3908 de
467 3861 584 3925 Alpibus,
593 3860 714 3922 hujusque
795 3866 818 3912 4.
831 3858 1042 3920 Liberandamque
1049 3857 1130 3902 orbem
1139 3867 1272 3913 terrarum,

201 3940 296 3989 itineris
309 3938 493 3987 difficultatibus
501 3939 622 3986 narrando
631 3938 713 3986 audita
758 3937 851 3983 seilicet
863 3937 992 3993 servitute,
1005 3952 1051 3998 qua
1064 3952 1119 3981 eum
1131 3935 1272 3998 opprimere

201 4031 282 4077 erant,
301 4017 383 4081 utique
398 4018 467 4083 (vide
483 4019 514 4065 ad
526 4021 564 4076 11,
580 4019 625 4076 30,
636 4034 664 4066 u.
683 4016 712 4082 1)
757 4019 858 4080 cupiant
877 4015 990 4063 Romani.
1007 4042 1041 4050 -
1055 4015 1094 4060 Ab
1110 4029 1200 4060 occasu
1213 4014 1274 4061 solis

150 4098 152 4102 ⁴
201 4097 343 4164 inaspertis,
359 4098 402 4155 iis,
416 4098 459 4162 qui
473 4098 525 4147 haea
542 4097 653 4146 nondum
669 4113 711 4145 ex·
755 4097 792 4143 ad
800 4083 898 4143 exortus
913 4094 953 4160 (al.
967 4093 1134 4150 ortum,·forte
1144 4091 1275 4156 exortum)
